2462 4036
88 186 158 237 38
756 213 762 216 ’
920 184 1079 242 Geyza
1110 185 1149 228 N
1153 184 1338 242 emethy

686 401 691 406 .
967 350 1264 403 LXXXIV.

267 455 420 509 Pont.
462 455 550 509 IV.
598 454 682 520 14,
727 452 903 509 7—8:
1203 450 1209 455 ’

267 603 429 656 Nulla
468 603 599 655 mihi
641 619 769 655 cura
811 609 910 669 est,
952 610 1096 655 terra
1139 619 1243 669 quo
1284 603 1567 660 muter'ab
1607 605 1730 670 ista,

341 693 458 745 Hac
499 693 639 759 quia,
684 709 845 758 quam
887 692 1066 758 video,
1106 693 1309 765 gratior
1349 693 1520 746 omnis
1563 694 1676 746 erit.

268 841 452 893 Muter
506 841 670 893 habet
729 841 968 903 Merkel;
1031 840 1253 894 mittar:
1314 841 1549 907 codiceS,
1608 841 1752 909 quod
1805 843 2142 896 retinendum
2244 908 2246 911 y

92 936 281 984 censet
317 930 548 982 Ehwald
590 927 757 997 (Krit.
801 928 971 982 Beilr.
1030 947 1081 998 p.
1140 928 1253 998 68.)
1310 929 1392 983 Of.
1452 931 1612 984 Trist.
1655 931 1745 983 111.
1788 929 1840 996 8,
1882 929 1985 1012 22:
2035 932 2147 991 „Ex

91 1019 176 1071 his
219 1035 302 1071 me
344 1019 528 1071 iubeat
569 1018 808 1085 quolibet
846 1019 923 1070 ire
963 1019 1152 1071 locis“.
2094 1054 2099 1057 -

988 1228 1257 1281 LXXXV.

211 1418 222 1429 .
275 1378 428 1430 Pont.
473 1377 560 1429 IV.
607 1374 693 1442 16,
737 1374 975 1438 27—28.
1019 1377 1108 1442 (de
1149 1379 1326 1446 poetis
1369 1394 1500 1431 suae
1541 1374 1787 1459 aetatis):

272 1527 340 1578 Et
381 1526 470 1592 qui
511 1525 810 1578 Maeoniam
851 1525 1164 1578 Phaeacida
1204 1526 1365 1579 vertit
1405 1532 1459 1578 et
1497 1544 1616 1578 una

348 1615 670 1667 Pindaricae
695 1614 909 1668 'fidicen
950 1622 1007 1667 tu
1048 1631 1278 1682 quoque,
1321 1614 1476 1681 Rufe,
1518 1615 1684 1683 lyrae.
2100 1662 2128 1668 1

202 1831 206 1835 .
284 1762 409 1816 Una
472 1771 555 1815 est
615 1763 836 1832 vulgata
914 1764 1092 1830 lecti0,
1157 1778 1335 1816 vene:
1415 1763 1532 1817 cod.
1599 1764 1942 1817 Monacensis
2022 1761 2151 1818 384.

95 1849 187 1921 (=
212 1840 388 1917 unice,
452 1850 766 1920 vocativus),
828 1853 971 1920 quod
1035 1853 1374 1906 retinendum
1441 1860 1630 1906 censet
1689 1852 1919 1905 Ehwald
1984 1850 2149 1920 (Krit.

95 1942 266 1996 Beitr.
310 1961 355 2010 p.
399 1939 505 2009 7⁴2)
546 1942 838 1995 Vocativus
894 1960 1002 1995 une
1058 1942 1290 1995 occurrit
1346 1941 1538 1995 Catull.
1592 1939 1681 2008 37,
1727 1940 1811 1996 17.
1853 1941 2151 2010 Intellege:

97 2031 271 2084 Rufus
313 2040 396 2084 est
435 2039 597 2100 poeta
623 2033 834 2099 unicus,
865 2033 955 2100 qui
982 2032 1272 2085 Pindarum
1299 2032 1496 2084 imitari
1529 2038 1614 2085 est
1651 2047 1834 2098 ausus,
1875 2031 2156 2084 immemor

95 2121 241 2174 illius
281 2121 591 2174 Horatiani:
642 2122 964 2185 „Pindarum
1007 2122 1253 2189 quisquis
1295 2121 1478 2174 studet
1517 2121 1808 2174 aemulari“
1854 2127 1956 2174 etc.

979 2344 1278 2397 LXXXVI.

279 2494 394 2544 Am.
438 2492 478 2545 Ι.
523 2490 573 2558 2,
615 2491 856 2546 41—42.
900 2451 988 2561 (de
1031 2494 1224 2545 Amore
1266 2489 1708 2560 triumphatore):

279 2642 359 2692 Tu
402 2641 597 2708 pinnas
639 2658 869 2708 gemma,
909 2658 1119 2709 yemma
1162 2640 1408 2694 variante
1449 2639 1669 2707 capillos

355 2730 465 2782 Ibis
507 2730 562 2781 in
604 2730 807 2782 auratis
849 2746 1047 2782 aureus
1088 2731 1209 2798 ipse
1250 2731 1398 2782 rotie.

280 2878 577 2945 Intellege3
616 2883 948 2946 yemmatum
990 2878 1196 2931 crinale
1238 2878 1370 2946 gerit
1417 2879 1595 2942 Amor,
1639 2884 1695 2928 ut
1737 2877 1888 2930 solet.
1934 2876 2155 2929 Contra-

102 2967 234 3019 rium
293 2967 421 3019 dicit
479 2973 640 3034 poeta
695 2967 849 3019 Pont.
893 2967 984 3018 111.
1033 2966 1117 3031 12,
1165 2967 1249 3020 15.
1310 2968 1377 3019 de
1435 2968 1627 3019 Amore
1684 2967 1933 3033 lugente:
2010 2965 2157 3028 „Nec

101 3063 343 3122 torquem
386 3055 525 3108 collo
566 3072 668 3109 nec
710 3055 919 3108 habens
960 3054 1166 3107 ermale
1208 3056 1458 3125 capillo“.

970 3279 1292 3331 LXXXVII.

287 3428 402 3478 Am.
427 3426 465 3479 1.
491 3424 540 3490 6,
566 3423 805 3479 53-58.
832 3426 1016 3488 (verba
1049 3428 1303 3480 amatoris
1332 3427 1536 3480 exclusi
1565 3426 1632 3479 ad
1659 3428 1871 3479 ianuam
1903 3423 2155 3494 amicae):

289 3572 345 3624 Si
389 3573 520 3625 satis
562 3590 621 3625 es
663 3581 869 3641 raptae,
912 3574 1108 3638 Borea,
1155 3591 1355 3626 memor
1396 3574 1691 3643 Orithyiae,

360 3662 478 3714 lluc
521 3662 652 3714 ades
695 3671 747 3714 ct
789 3662 983 3715 surdas
1026 3663 1238 3715 flamine
1282 3663 1447 3715 tunde
1490 3662 1668 3715 fores!

1089 3794 1174 3835 148
