2430 4022
731 226 735 229 .
833 170 1213 227 Supplementum
1244 168 1673 214 commentariorum
2219 169 2282 218 15

315 418 321 422 .
1165 378 1363 457 xxvi

418 474 571 526 Pone
613 470 679 524 IL
725 469 773 535 1„
814 466 1068 523 ai-ssa4:

419 618 603 679 Indice
642 624 695 669 te
736 615 900 683 didici
938 630 1108 682 nuper
1145 612 1372 666 visenda
1413 612 1594 665 coisse

497 707 810 758 Innumeras
850 710 1041 771 gentes
1081 702 1151 754 ad
1191 702 1344 754 ducis
1387 718 1481 753 ora
1523 701 1637 753 sui:

424 796 682 860 Quaeque
723 793 866 861 capit
904 792 1071 845 vastis
1111 789 1422 843 inmensum
1463 791 1742 850 moenibus
1784 788 1973 852 orbem,

498 884 756 952 Hospitiis
798 883 1014 935 Romam
1056 898 1163 933 non
1203 880 1459 932 habuisse
1498 869 1694 933 locum.

423 1034 506 1087 Ad
561 1049 640 1086 vs,
683 1029 770 1085 23.
825 1029 1109 1088 adnotavi:
1185 1028 1319 1090 „hoc
1376 1028 1494 1079 loco
1558 1025 1700 1079 orbis
1766 1025 2036 1093 significat
2097 1024 2284 1077 locum

244 1127 536 1191 (tamquam
563 1117 837 1187 circulum)
878 1119 1040 1170 muris
1082 1116 1765 1170 circumdatum“.Versum
1806 1115 2005 1167 rectius
2048 1113 2294 1180 explicat

244 1212 310 1267 H.
352 1212 579 1278 Magnus
635 1207 800 1276 (Berl.
842 1207 987 1260 Phil.
1042 1205 1210 1261 Woch.
1259 1205 1415 1260 1920.
1460 1222 1510 1273 p.
1557 1203 1698 1272 154),
1758 1204 1848 1272 qui
1903 1203 1971 1256 de
2011 1201 2283 1255 immenso

247 1306 514 1354 terrarum
555 1298 674 1352 orbe
714 1298 929 1366 cogitat.
971 1297 1262 1363 Intellege:
1306 1297 1492 1361 Roma,
1534 1310 1674 1360 quae
1713 1300 1864 1346 tanta
1904 1300 2002 1358 est,
2045 1298 2103 1343 ut
2143 1307 2293 1343 moe-

246 1390 405 1443 nibus
460 1391 572 1442 suis
627 1395 794 1441 totum
849 1375 1023 1454 paene
1078 1394 1336 1439 terrarum
1392 1385 1573 1437 orbem
1629 1381 1681 1451 (i.
1733 1400 1778 1436 e.
1834 1382 2042 1435 incolas
2098 1399 2272 1449 paene

246 1478 409 1530 totius
458 1477 601 1530 orbis
666 1473 943 1543 terrarum)
1011 1492 1206 1543 capere
1272 1474 1458 1542 possit,
1517 1485 1658 1525 nunc
1714 1472 1802 1524 vix
1855 1471 2043 1523 habuit
2106 1471 2282 1523 locum

247 1563 512 1635 hospitiis,
556 1566 636 1618 Cf.
682 1565 778 1618 O'v.
822 1566 881 1616 A.
928 1568 986 1617 A.
1027 1565 1064 1616 Ι.
1113 1562 1434 1618 173-174:
1499 1562 1734 1629 „Nempe
1776 1562 1844 1612 ab
1884 1571 2110 1626 utroque
2151 1559 2284 1612 mari

215 1710 218 1711 γ
249 1655 491 1720 iuveneS‚
513 1656 581 1709 ab
600 1662 823 1721 utroque
851 1654 1064 1722 puellae
1084 1652 1293 1706 Venere
1311 1659 1471 1718 atque
1492 1651 1687 1719 ingens
1713 1647 1854 1702 orbis
1874 1648 1935 1702 in
1969 1648 2106 1702 Urbe
2129 1649 2281 1700 suits

1165 1904 1387 1956 XXVII.

432 1998 584 2050 Pont.
628 1996 693 2049 II.
737 1995 786 2061 2,
831 1992 1008 2049 5—6:

431 2130 498 2182 Ei
538 2129 698 2181 mihil
742 2127 873 2195 qaid
912 2129 1051 2182 lecto
1091 2128 1272 2181 vultus
1311 2127 1407 2179 tibi
1448 2126 1662 2177 nomine
1703 2141 1810 2177 non
1854 2131 1953 2189 est,

511 2217 614 2280 Qui
653 2217 845 2289 fuit—et
884 2217 1096 2270 dubitas
1136 2224 1316 2269 cetera
1355 2213 1684 2283 perlegere?

432 2351 535 2403 Pro
575 2349 710 2416 quid
748 2366 866 2402 cum
906 2348 1306 2417 Hamburgensi
1345 2355 1398 2400 et
1435 2347 1751 2401 Monacensi
1790 2344 1915 2401 384.
1957 2347 2022 2400 εἰ
2063 2346 2298 2399 scriben-

254 2440 380 2492 dum
421 2446 477 2492 et
512 2447 638 2508 post
666 2436 934 2507 perle-qere
963 2440 1172 2506 signum
1200 2437 1604 2490 exclamationis
1629 2435 1937 2504 ponendum
1964 2451 2087 2488 esse
2115 2441 2301 2487 censet

254 2527 484 2581 Ehwald
538 2527 703 2597 (Krit.
762 2527 927 2582 Beitr.
986 2545 1035 2596 p.
1094 2525 1203 2595 54.)
1260 2534 1313 2578 et
1368 2526 1576 2578 confert
1622 2526 1775 2577 Pont.
1816 2524 1904 2576 IV.
1944 2521 1996 2589 8,
2042 2520 2294 2577 13—14:

262 2614 372 2679 „Ei
407 2615 560 2683 mihi,
602 2616 650 2670 si
689 2619 843 2671 lectis
883 2619 1083 2672 vultum
1125 2626 1181 2670 tu
1222 2617 1467 2670 versibus
1506 2615 1624 2667 istis
1663 2613 1888 2666 Ducis“.

1131 2797 1451 2890 'xxan'

435 2988 585 3041 Pont.
629 2988 694 3041 Π.
737 2986 787 3054 2,
830 2985 1068 3041 75-76.
1111 2983 1198 3053 (de
1240 2987 1396 3039 domo
1438 2986 1667 3053 Augusti
1711 2982 1988 3051 florente):

436 3133 587 3186 Adde
627 3151 803 3187 nurus
842 3142 1140 3202 neptesque
1180 3135 1299 3202 pias
1340 3141 1601 3201 natosque
1643 3140 1896 3201 nepotum

510 3223 806 3290 Cetei-aque
849 3225 1125 3291 Augustae
1166 3224 1402 3275 membra
1442 3223 1621 3275 valere
1663 3222 1868 3274 domus,

434 3370 536 3422 Pro
591 3387 768 3421 nurus
825 3387 942 3422 cum
999 3371 1182 3423 codice
1236 3370 1633 3438 Hamburgensi
1688 3378 1740 3422 et
1795 3369 2106 3421 Monacensi
2166 3365 2289 3421 384.

257 3472 529 3511 nurum
569 3459 908 3511 scribendum
950 3466 1135 3512 censet
1173 3459 1402 3511 Ehwald
1443 3456 1609 3526 (Krit.
1652 3457 1821 3511 Beitr.
1881 3475 1930 3525 p.
1990 3455 2116 3524 54),
2175 3456 2300 3522 quia

257 3547 360 3600 hoc
399 3554 638 3615 tempore
679 3549 953 3615 Augustus
993 3549 1201 3601 unicam
1243 3548 1430 3601 habuit
1468 3565 1673 3614 nurum,
1726 3548 2027 3611 Antoniam,
2085 3545 2298 3597 viduam

240 3635 422 3688 vDrusi
462 3638 693 3703 maioris,
736 3637 829 3688 filii
869 3638 1069 3691 Liviae.

1238 3770 1320 3811 125
