2430 4022
802 175 1180 233 Supplementum
1213 168 1642 220 commentariorum
2183 179 2247 229 21

387 343 447 396 V.
489 341 578 399 45.
621 358 716 410 pro
759 346 973 394 caecata
1015 339 1358 393 scribendum
1401 356 1523 392 esse
1553 356 1670 392 cum
1701 339 1886 394 codice
1929 342 2254 407 Argentora-

146 427 167 468 ἶ
207 432 351 485 tensi
389 433 676 497 calcata,
722 438 791 500 ut*
818 429 1147 498 comparatio
1191 427 1526 496 praecedens
1568 425 1834 495 (fortunae
1878 431 2030 494 ictus,
2073 446 2254 482 vomer

208 503 480 588 tenuatuss,
537 520 713 588 Appia
755 516 904 585 trita)
963 517 1138 583 docet,
1196 524 1341 570 recte
1383 517 1516 570 vidit
1569 517 1801 569 Ehwald
1857 513 2024 584 (Krit.
2082 517 2252 570 Beitr.

209 626 260 677 p.
302 605 429 676 56),
473 610 562 676 qui
603 607 810 661 confert
866 607 962 660 Ov.
1007 607 1083 661 lb.
1127 605 1230 661 29:
1278 607 1379 668 „At
1418 607 1531 672 tibi,
1575 605 1795 658 calcasti
1851 606 1940 673 qui
1987 623 2088 671 me,
2145 607 2254 659 vio-

209 698 371 763 lente,
427 698 748 750 iacentem“.
806 696 960 748 Adde
1002 696 1161 748 Trist.
1204 695 1266 748 V.
1307 693 1359 760 8,
1405 693 1503 749 10:
1569 695 1854 763 „Imposito
1897 695 2071 747 calcas
2127 695 2255 762 quid

210 803 329 839 mea
370 786 481 839 fata
520 786 661 854 pede
679 784 740 837 ‘?“

1143 947 1311 1000 XLII.

387 1023 446 1077 P.
487 1023 552 1076 ΙΙ.
595 1021 644 1088 8,
693 1021 868 1076 1—2:
963 1050 965 1052 v

386 1170 649 1223 Redditus
691 1176 775 1221 est
813 1169 969 1240 nobis
1012 1169 1216 1222 Caesar
1256 1148 1375 1221 curii
1418 1169 1653 1222 Caesare
1694 1185 1882 1236 nuper,
1947 1211 1950 1213 .

457 1257 611 1320 'Quos
652 1259 781 1310 mihi
821 1259 1031 1324 misisti,
1075 1258 1302 1310 Maxime
1346 1258 1519 1323 Cotta,
1562 1258 1711 1323 deOS,

389 1348 567 1415 thue
608 1356 754 1400 tuum
795 1364 988 1400 munus
1030 1364 1326 1411 numerum,
1371 1363 1528 1412 quem
1570 1346 1747 1412 debet,
1791 1347 2031 1412 haberet,

463 1438 562 1490 Est
600 1438 676 1490 ibi
717 1437 1040 1490 Caesaribus
1081 1436 1236 1490 Livia
1275 1437 1457 1488 iuncta
1499 1437 1628 1489 suiS.

390 1585 475 1637 Ad
502 1640 505 1643 Α
532 1602 611 1638 vs,
676 1584 723 1638 1.
784 1585 1038 1638 adnotavi
1103 1585 1376 1652 vulgarem
1446 1584 1941 1651 interpretationem
2007 1589 2255 1635 secutus:

220 1674 407 1739 „Cotta
447 1674 590 1726 misit
633 1673 824 1726 Ovidio
868 1691 1138 1729 nummum
1166 1680 1481 1740 argenteum
1512 1689 1631 1724 cum
1656 1673 1983 1739 imaginibus
2010 1672 2256 1738 Augusti,

211 1763 431 1828 Tiberii,
486 1747 728 1817 Liviae“.
783 1763 1014 1816 Ehwald
1071 1761 1236 1830 (Krit.
1279 1761 1451 1815 Beitr.
1496 1780 1546 1830 p.
1592 1761 1699 1824 77.)
1755 1779 1862 1814 non
1904 1761 1970 1814 de
2025 1777 2256 1825 numm0‚

214 1852 312 1904 sed
338 1851 404 1904 de
431 1851 667 1919 imagine
709 1859 902 1920 ectypa
945 1861 1204 1919 argentea
1233 1852 1465 1919 cogitat:
1515 1852 1657 1918 „Der
1680 1851 1914 1903 Anblick
1940 1850 2034 1903 des
2061 1849 2258 1902 Relief-

203 1941 390 1994 bildes
430 1941 525 1993 mit
564 1942 660 1993 der
699 1941 1052 2008 Darstellung
1094 1941 1191 1993 des
1232 1942 1526 2008 AugustUS,
1586 1939 1682 1992 des
1723 1939 1974 1991 Tiberius
2014 1938 2124 1990 und
2165 1938 2260 1990 der
2336 1933 2381 1939 R*

211 2030 367 2083 Livia
406 2059 478 2067 —
520 2047 597 2096 80,
639 2031 789 2082 nicht
828 2030 927 2083 auf
978 2031 1097 2082 eine
1138 2030 1329 2082 Miinze
1385 2030 1455 2081 ist
1495 2028 1582 2081 die
1622 2029 1811 2096 Elegie
1868 2045 1932 2079 zu
1990 2028 2257 2092 erklaren,

215 2136 258 2173 S.
299 2119 562 2172 Bursians
602 2119 910 2172 Jahresber.
954 2119 1256 2171 LXXXIII.
1301 2117 1350 2172 3.
1393 2148 1464 2153 -—
1505 2119 1598 2170 hat
1638 2117 1743 2170 den
1770 2117 2007 2170 'Dichter
2048 2132 2107 2168 80
2147 2115 2258 2168 leb-

215 2208 332 2279 hart
371 2215 564 2275 erregt,
606 2207 736 2261 dass
777 2226 834 2261 er
874 2209 1018 2260 nach*
1055 2208 1187 2260 Rom
1227 2207 1662 2260 zuriickversetzt
1703 2224 1766 2258 zu
1808 2206 1924 2258 sein
1964 2204 2181 2258 meint“.

1042 2427 1054 2441 ’
1140 2458 1333 2510 XLIII.

393 2618 451 2670 P.
494 2618 558 2700 lI.
601 2616 654 2682 8,
697 2616 860 2672 5-6.
910 2615 997 2684 (de
1051 2618 1286 2685 imagine
1336 2624 1594 2685 argentea
1647 2615 1895 2684 Augusti,
1953 2616 2154 2670 Tiberii
2209 2625 2262 2670 et

215 2704 420 2774 Liviae)
448 2724 457 2757 :

392 2855 688 2922 Argentum
730 2855 861 2917 felix
901 2855 1152 2920 omnique
1192 2855 1402 2906 beatior
1441 2871 1586 2920 aure,

470 2941 642 3009 Quod,
683 2943 844 2995 fuerit
874 2942 1114 3009 pretium
1157 2960 1274 2996 cum
1315 2944 1468 3010 rude,
1509 2961 1707 2996 numen
1747 2944 1929 2997 habet.

393 3088 510 3141 Hoc
548 3090 669 3142 loco
716 3090 957 3156 pretium
1014 3091 1287 3142 metallum
1344 3093 1638 3159 pretiosum
1697 3092 1983 3160 significat,
2012 3100 2092 3145 ‘ut
2131 3093 2257 3146 Hor.

216 3177 388 3237 Carm.
432 3178 523 3231 111.
570 3176 657 3244 16,
698 3176 750 3232 8.
793 3176 881 3246 (de
924 3180 1050 3232 Iove
1090 3180 1145 3230 in
1187 3197 1372 3232 aurum
1411 3178 1666 3248 ‘mutato):
1715 3181 2022 3245 „Converso
2062 3182 2115 3233 in
2142 3198 2259 3248 pre-

215 3266 344 3318 tium
388 3266 544 3319 deo“.
588 3265 836 3319 Pretium
874 3269 1030 3331 rude,
1073 3277 1354 3334 argentum
1381 3269 1705 3335 imaginibus
1733 3269 1969 3321 nondum
1999 3278 2258 3334 ornatum,

216 3354 653 3419 inartificiosum3
697 3355 766 3406 cf.
809 3356 945 3408 Plin.
988 3357 1052 3408 N.
1082 3356 1335 3409 XXXIII.
1382 3355 1466 3421 13,
1496 3354 1599 3410 43:
1648 3356 1901 3419 „Servius
1937 3374 2031 3409 rex
2056 3358 2258 3425 primus

219 3443 453 3509 signavit
491 3461 603 3497 aes,
661 3445 835 3496 Antea
873 3442 1022 3500 rudi.
1048 3460 1177 3496 usos
1217 3445 1418 3498 Romae
1459 3447 1714 3498 Timaeus
1755 3445 1930 3498 tradit.
1976 3444 2264 3517 Signatum,

218 3538 303 3583 est
341 3538 470 3584 nota
509 3532 793 3601 pecudum,
837 3532 980 3584 unde
1027 3540 1080 3585 et
1119 3534 1350 3600 pecunia
1389 3535 1725 3602 appellata“.
2077 3530 2081 3534 ’

1198 3766 1281 3809 131
