2462 4036
1031 535 1451 605 Addenda.

764 799 805 849 l.
852 797 939 849 Ad
987 795 1149 850 Trist.
1193 795 1305 848 ΠΙ.
1352 794 1436 862 10,
1478 796 1721 850 23-24.

346 952 349 954 -
397 933 545 980 Trist.
588 933 670 980 111.
721 931 803 988 10,
848 909 1100 983 ,se—24(

398 1035 639 1095 Nudaque
680 1036 968 1090 consistunt,
1010 1032 1216 1081 formam
1258 1035 1504 1080 servantia
1543 1038 1715 1088 testae,

471 1110 595 1156 Vina
635 1123 724 1156 nec
765 1108 942 1156 hausta
981 1109 1117 1164 meri,
1162 1107 1251 1155 sed
1291 1107 1406 1154 data
1444 1107 1603 1154 frusta
1643 1105 1831 1155 bibunt.

399 1239 471 1288 Of.
528 1241 674 1303 Verg.
733 1240 820 1288 Ge.
878 1240 960 1287 III.
1019 1238 1141 1287 364.
1202 1238 1280 1302 (de
1335 1239 1494 1287 hieme
1559 1240 1834 1302 Scythica):
1911 1239 2258 1300 „caeduntque
2324 1268 2329 1272 γ

221 1315 476 1363 securibus
515 1314 681 1362 umida
718 1316 890 1371 vina“;
933 1314 1056 1362 Plin.
1099 1315 1159 1361 N.
1202 1314 1264 1360 H.
1306 1314 1431 1362 XIV.
1481 1312 1613 1361 132:
1665 1316 1828 1372 „circa
1884 1312 2034 1376 Alpes
2076 1313 2254 1376 ligneis

220 1389 352 1436 vasis
392 1387 607 1436 condunt
661 1388 805 1451 (vina)
862 1387 1158 1448 circulisque
1213 1389 1412 1449 cingunt
1467 1391 1615 1448 atque
1673 1390 1820 1435 etiam
1874 1387 2033 1436 hieme
2090 1387 2257 1450 gelida

218 1462 412 1525 ignibus
467 1464 679 1524 rigorem
736 1466 917 1509 arcent.
974 1462 1148 1509 Mirum
1203 1461 1352 1517 dictu,
1412 1461 1500 1509 sed
1555 1461 1817 1522 aliquando
1857 1463 2046 1509 visum:
2090 1463 2254 1523 ruptis

219 1537 351 1585 vasis
393 1539 573 1584 stetere
613 1535 852 1599 glaciatae
892 1535 1060 1594 moles,
1103 1535 1313 1597 prodigii
1340 1535 1500 1592 modo,
1545 1537 1772 1596 quoniam
1812 1537 1910 1583 vini
1949 1540 2125 1584 natura
2158 1551 2253 1583 non

221 1609 440 1671 gelascit,
483 1610 605 1658 alias
645 1610 709 1657 ad
747 1609 902 1672 frigus
944 1613 1146 1671 stupens
1187 1613 1428 1668 tantum“.

754 1768 835 1821 II.
877 1767 968 1820 Ad
1013 1766 1180 1822 Trist.
1223 1766 1339 1820 III.
1389 1766 1470 1834 10,
1512 1767 1752 1821 31—34.

397 1903 544 1951 Trist.
587 1903 670 1950 ΙΙΙ.
720 1900 814 1959 10,’
846 1900 1096 1950 31—34:

398 2005 604 2066 Quaque
644 2010 775 2054 rates
815 2008 985 2061 ierant,
1028 2004 1234 2066 pedibus
1273 2019 1401 2052 nunc
1440 2006 1553 2062 itur,
1597 2009 1646 2053 et
1696 2005 1853 2054 undas

472 2080 674 2143 Frigore
715 2083 970 2127 concretas
1010 2078 1194 2141 ungula
1234 2078 1401 2140 pulsat
1440 2081 1588 2139 equi;

398 2155 591 2214 Perque
630 2169 783 2201 novos
822 2158 995 2215 pontes
1036 2154 1204 2201 subter
1242 2153 1519 2202 labentibus
1559 2153 1703 2200 undis

471 2229 669 2275 Ducunt
709 2228 974 2282 Sarmatici„
1002 2227 1212 2275 barbara
1246 2226 1466 2288 plaustra
1504 2227 1671 2275 boves.

399 2359 491 2420 Ofyr
530 2361 672 2422 Verg.
732 2359 818 2407 Ge.
876 2360 959 2406 111.
1021 2357 1342 2407 360-361:
1395 2360 1756 2418 „Concrescunt
1797 2355 1988 2408 subitae
2032 2361 2251 2407 currenti

222 2436 268 2481 in
306 2435 500 2482 flumine
541 2438 735 2482 crustae
778 2433 1015 2494 Undaque
1057 2435 1154 2480 iam
1193 2437 1331 2496 tergo
1372 2432 1582 2481 ferratos
1625 2435 1834 2482 sustinet
1889 2434 2075 2482 orbis“.

768 2594 883 2647 III.
924 2594 1015 2646 Ad
1061 2592 1223 2647 Trist.
1266 2594 1347 2646 II.
1390 2594 1703 2648 521—522.

397 2730 544 2784 Trist,
585 2728 645 2775 ΙΙ.
692 2726 1015 2775 521-522ε

400 2831 597 2880 Scilicet
634 2833 683 2878 in
722 2830 946 2901 demibus
985 2832 1162 2879 vestris
1202 2835 1256 2878 ut
1294 2832 1459 2893 prisca
1499 2833 1713 2880 virorum

472 2905 686 2954 Artificis
726 2904 915 2968 fulgent
954 2920 1161 2966 corpora
1199 2906 1331 2966 picta
1371 2920 1533 2953 manu.

399 3037 455 3084 In
493 3040 839 3086 commentario
880 3052 987 3085 meo
1027 3036 1149 3084 haec
1205 3037 1462 3086 adnotavi:
1513 3026 1709 3099 „prisca
1747 3038 1969 3086 virorum
2030 3052 2254 3098 corpora,

225 3111 398 3159 heroes
439 3113 794 3171 antiquitatis“.
826 3111 922 3159 Sed
949 3110 1141 3158 adferre
1166 3110 1403 3158 debebam
1443 3117 1692 3160 auctorem
1733 3111 1908 3168 Ovidii,
1953 3111 2125 3160 Catull.
2171 3110 2255 3166 64,

226 3183 472 3232 50—51:
533 3185 697 3241 „Haec
736 3187 887 3232 vestis
919 3185 1106 3244 priscis
1146 3184 1393 3232 hominum
1432 3188 1621 3234 variata
1658 3185 1833 3247 fiquris
1871 3186 2095 3234 Heroum
2136 3186 2257 3231 mira

224 3260 428 3306 virtutes
467 3257 651 3306 indicat
689 3263 846 3306 arte“.

314 3605 422 3640 Akad
456 3605 524 3640 (ert.
551 3614 572 3639 a
598 3605 728 3649 nyelv-
753 3605 794 3639 es
819 3605 938 3649 περι,
966 3605 1123 3639 kerebffl
1162 3604 1295 3640 xxw.
1322 3605 1398 3640 ket*
1428 3606 1463 3640 3.
1491 3614 1547 3640 sz.
1949 3584 1951 3586 ’
2054 3593 2080 3634 4
