2462 4036
923 161 1299 228 Supplementum
1331 171 1760 216 commentariorum
2300 171 2367 219 37

1226 335 1474 388 LXXXI.
1492 357 1495 359 ·

508 484 661 539 Pont.
707 484 792 539 1V.
838 484 923 551 12,
965 482 1201 539 27—28.
1245 481 1335 551 (ad
1375 483 1696 535 Tuticanum
1738 480 2001 550 poetam):

503 635 738 701 Dignam
778 633 1038 685 Maeoniis
1079 631 1390 684 Phaeacida
1432 631 1665 683 condere
1706 631 1905 683 chartis

581 723 710 776 Cum
752 730 804 774 te
847 720 1094 774 Pierides
1135 721 1467 788 perdocuere
1511 725 1648 771 tuae.

508 863 773 923 Pierides*
803 912 812 922 .
846 912 855 922 .
890 914 899 923 .
944 875 1065 921 tuae
1105 869 1270 921 habet
1297 868 1533 933 Merke13
1565 868 1813 920 codices:
1855 866 2074 920 Pieriae
2103 907 2110 915 .
2146 911 2155 919 .
2187 907 2195 915 .
2238 869 2367 920 deae

324 960 474 1032 quod*
514 959 847 1012 retinendum
889 965 1074 1011 censet
1114 958 1343 1010 Ehwald
1385 954 1553 1024 (Krtt.
1596 955 1764 1009 Beitst.
1810 974 1860 1024 p.
1903 954 2014 1024 68.)

1214 1209 1486 1260 LXXXII.

500 1358 653 1411 Pont.
696 1358 782 1410 IV.
830 1357 913 1422 12,
957 1355 1194 1412 39—4‘2.
1240 1357 1332 1420 (ad
1372 1354 1741 1422 Tuticanum):

501 1508 584 1558 Tu
627 1505 780 1557 modo
813 1523 915 1572 per
953 1521 1192 1572 superos,
1237 1522 1459 1570 quorum
1501 1505 1834 1557 certissimus
1874 1505 1965 1556 ille
2008 1512 2107 1570 est,

579 1587 696 1655 Quo
738 1601 860 1646 tuus
902 1594 1123 1646 assidue
1165 1595 1407 1661 principe
1450 1594 1616 1646 cre'vit
1657 1594 1845 1658 honor⁷

500 1683 673 1736 Effice
715 1684 985 1735 constanti
1025 1683 1308 1752 profugum
1350 1683 1552 1750 pietate
1592 1682 1809 1747 tuendO,

578 1773 656 1824 Ne
699 1779 916 1840 sperata
955 1789 1128 1824 meam
1170 1772 1386 1824 deserat
1427 1787 1558 1824 aura
1597 1778 1782 1824 ratem.

500 1919 583 1971 Ad
623 1937 700 1973 vs.
744 1918 830 1974 39.
865 1937 967 1986 per
1004 1937 1226 1986 superos
1282 1920 1567 1972 adnotavi:
1631 1902 1982 1982 „Caesares“.
2041 1919 2261 1971 Rectius
2301 1920 2364 1970 H.

309 2007 550 2074 'Magnus
591 2005 752 2075 (Berl.
794 2008 938 2061 Phil.
992 2008 1163 2062 Woeh.
1212 2007 1369 2063 1920.
1412 2026 1462 2076 p.
1509 2006 1672 2076 154),
1714 2009 1803 2074 qui
1844 2016 2065 2074 superos
2104 2008 2207 2060 hoc
2247 2008 2366 2060 loco

290 2112 487 2175 ⁴sensu
542 2098 756 2165 proprio
813 2098 1162 2166 accipiendos
1219 2105 1272 2150 et
1326 2099 1447 2150 deos
1502 2097 1743 2150 caelestes
1801 2096 2107 2164 significare
2164 2105 2364 2149 censet.

319 2185 611 2253 Intellege:
677 2187 790 2248 „Tu
845 2187 1020 2252 modO,
1068 2204 1171 2252 per
1223 2204 1445 2253 superos
1502 2191 1704 2251 cratae,
1756 2202 1977 2251 quorum
2035 2185 2366 2238 certissimus

319 2272 456 2325 (leus
497 2282 580 2326 est
619 2275 885 2341 Tiberius,
928 2276 1116 2328 effice“
1149 2283 1249 2328 etc.
1279 2277 1566 2329 Caesarem
1596 2275 1698 2328 diis
1739 2275 2074 2339 adnumerat,
2116 2282 2173 2326 ut
2211 2276 2362 2326 Pont.

323 2361 408 2414 IV,
449 2361 501 2426 4,
544 2355 795 2418 33—34:
846 2364 1117 2433 „Cumque
1145 2366 1277 2419 deos
1303 2382 1508 2431 omneS,
1534 2372 1645 2417 tuni
1675 2381 1808 2431 quos
1836 2364 2133 2432 impensius
2159 2378 2364 2429 aequos

315 2450 455 2503 Esse
496 2452 590 2504 tibi
631 2454 834 2520 cupias⁷
878 2471 999 2506 cum
1040 2456 1165 2507 Iove
1208 2455 1408 2507 Caesar
1462 2456 1683 2518 erunt“;
1733 2454 1885 2505 Pont.
1927 2453 1966 2505 Ι.
2011 2451 2060 2517 2,
2103 2449 2206 2506 99:
2254 2450 2366 2514 „va

318 2535 522 2592 faciant
562 2541 738 2608 igitur⁷
782 2559 1003 2608 quorum
1052 2545 1379 2596 iustissimus
1434 2544 1552 2611 ipse
1609 2544 1723 2595 est“
1771 2542 1803 2594 i.
1848 2559 1894 2595 e.
1936 2543 2242 2608 Augustus;
2285 2540 2360 2591 lb.

319 2625 569 2681 23—24:
619 2629 730 2691 „sz
770 2631 978 2696 melius
1038 2649 1258 2699 quorum
1317 2632 1477 2699 longe
1535 2632 1662 2683 mihi
1711 2631 1970 2682 maximus
2010 2629 2100 2681 ille
2143 2637 2226 2681 est
2265 2625 2360 2695 (sc.

318 2716 632 2784 Augustus),
679 2717 780 2780 Qui
822 2728 1035 2774 nostras
1075 2722 1266 2790 inopes
1307 2722 1479 2774 noluit
1520 2737 1643 2773 esse
1683 2720 1854 2773 vias“.

1158 2999 1162 3005 ,
1189 2943 1489 2996 LXXXIII.

494 3087 645 3140 Pont.
688 3089 774 3141 IV.
821 3089 904 3154 12„
946 3087 1198 3144 47—48:

496 3234 668 3288 Crede
710 3237 853 3302 mihi,
896 3239 1122 3290 miseros
1163 3239 1449 3306 prudentia
1487 3240 1657 3307 prima
1698 3236 1966 3302 relinquit⁷

567 3324 634 3375 Et
673 3325 864 3377 sensus
906 3343 1024 3378 cum
1064 3343 1122 3378 re
1163 3328 1551 3395 consiliumque
1594 3328 1745 3395 fagit.

491 3470 551 3521 In
609 3473 990 3529 commentario
1047 3491 1164 3527 meo
1219 3475 1446 3543 legitur:
1511 3493 1746 3550 „sens-us,
1806 3473 2008 3525 meus“.
2064 3468 2179 3519 Hoc
2237 3467 2356 3516 1000

313 3573 462 3610 error
499 3560 812 3627 typothetae
854 3579 936 3613 me
978 3562 1206 3628 fefellit3
1265 3581 1359 3632 pro
1415 3583 1562 3617 meus
1603 3565 1725 3631 lege
1767 3576 1998 3614 mens:
2039 3557 2073 3610 i.
2098 3572 2162 3620 e.
2206 3568 2356 3605 mens

314 3651 369 3697 et
408 3647 690 3699 consilium
731 3648 868 3715 fugit
910 3649 1151 3703 miseros,

1296 3769 1380 3811 147
