2462 4036
213 211 215 214 ⁴
237 198 317 245 46
862 231 864 238 .
1068 192 1226 253 Geyza
1257 196 1296 239 Ν
1299 195 1487 253 emethy

442 358 619 426 thue
660 361 970 427 Thyesteae
1012 359 1240 412 redeant
1281 362 1327 415 si
1366 369 1611 429 tempora
1650 373 1888 424 mensae,

502 449 651 502 Solis
692 449 762 501 ad
802 465 931 501 eoas
973 447 1160 501 cu'rrus
1201 457 1393 517 agetur
1431 467 1619 518 aquas,
2019 498 2022 499 ι

425 526 594 598 Quam
638 539 920 604 quisquam
962 545 1215 598 vestrum,
1258 539 1350 606 qui
1390 556 1473 592 me
1515 539 1765 594 doluistis
1804 524 2129 609 ademptum,

335 624 382 655 ⁵⁰
496 628 700 694 Arguat
740 627 1007 693 ingratum
1049 644 1157 679 non
1198 628 1511 681 meminisse
1553 629 1652 683 sui.

425 773 561 836 Quid
587 775 652 826 de
676 774 779 827 hac
800 761 988 827 rotam
1013 775 1244 828 mirabili
1267 775 1509 828 dicamus
1527 775 1555 828 ⁶?
1575 777 1907 831 Putemusne
1949 778 2292 832 acrostichon
2340 767 2344 772 ’

240 863 297 914 in
339 870 447 915 tam
487 863 636 916 brevi
678 855 913 916 carmine
955 880 1087 916 casu
1127 872 1299 917 ortum
1318 863 1346 917 ‘?
1390 863 1499 918 Sed
1539 866 1649 917 tale
1688 867 2033 920 acrostichon
2072 868 2126 921 in
2173 857 2295 922 aliis

240 952 910 1004 TristiumetPonticorum
929 953 1175 1020 epistulis
1194 971 1467 1020 nusquam
1487 955 1732 1008 occurrit.
1755 954 1842 1007 An
1863 954 2031 1008 voluit
2048 953 2303 1025 Ovidium,

240 1038 411 1092 initia
438 1059 688 1094 versuum
706 1059 877 1107 supra
895 1031 1330 1095 enumeratorum
1351 1041 1544 1096 litteris
1559 1042 1714 1096 solito
1731 1042 2027 1097 maioribus
2045 1043 2295 1109 scribens,

235 1128 414 1182 amico
479 1131 647 1190 Bruto
703 1127 1018 1199 siqnificare
1073 1142 1294 1183 eausam
1349 1136 1397 1184 et
1453 1130 1638 1184 mortis
1677 1131 1845 1184 Fabii
1883 1138 1946 1185 et
1972 1132 2142 1187 exilii.
2160 1122 2297 1187 sui?

706 1399 789 1469 11.
843 1395 960 1468 Ad
1019 1399 1261 1469 Trist.
1321 1380 1829 1471 11.'125—131.

421 1590 581 1641 Trist.
621 1590 699 1641 vIL
736 1586 1047 1643 125-131.
1107 1589 1291 1642 laudat
1348 1598 1506 1658 poeta
1563 1591 1900 1644 clementiam
1958 1593 2186 1660 Augusti
2238 1592 2295 1645 in

239 1695 420 1747 poena
461 1696 587 1731 sua:

424 1828 588 1881 Cuius
629 1829 685 1897 inv
726 1836 923 1880 eventu
965 1844 1172 1894 poenae
1215 1828 1502 1895 clementia
1541 1835 1691 1880 tanta
1732 1835 1831 1893 est,

496 1918 715 1970 Venerit
755 1925 811 1970 ut
851 1925 1034 1970 nostro
1074 1917 1248 1989 lenior
1286 1918 1379 1969 illa
1420 1924 1580 1971 metu,

421 2007 543 2060 Vita
585 2007 710 2059 data
753 2014 837 2059 est
877 2007 1118 2074 citraque
1160 2024 1349 2060 necem
1391 2014 1482 2059 tua
1523 2006 1763 2060 constitit
1802 2006 1898 2072 ira,

501 2096 544 2148 O
589 2097 840 2164 princeps
881 2113 1044 2164 parce
1085 2095 1287 2150 viribus
1328 2112 1426 2148 use
1468 2095 1603 2148 tuis!

421 2187 649 2253 Insuper
688 2186 970 2250 accedunt,
1012 2193 1078 2238 te·
1106 2202 1216 2238 non
1255 2185 1544 2250 adimente,
1585 2190 1863 2251 paternae,

495 2276 793 2341 Tamquam
834 2276 945 2328 vita
986 2291 1171 2343 parum
1214 2275 1449 2327 muneris
1491 2282 1655 2340 esset,
1697 2292 1834 2342 opes,

423 2365 538 2417 Nec
576 2381 694 2417 mea
735 2364 935 2416 decreto
978 2364 1246 2416 damnasti
1287 2363 1432 2416 facta
1473 2369 1713 2417 senaim.

423 2513 645 2565 Videtur
686 2513 787 2565 hoc
827 2503 947 2565 loco
990 2519 1152 2580 poeta
1191 2529 1419 2580 poenam
1480 2528 1631 2565 suam
1688 2529 2002 2580 comparare
2057 2511 2296 2567 voluisse

239 2620 362 2656 cum
408 2619 582 2670 poena
622 2602 784 2667 illius,
829 2609 1048 2669 propter
1088 2618 1244 2668 quem
1288 2602 1565 2670 relegatus
1606 2608 1707 2668 est,
1742 2602 2015 2670 Agrippae
2040 2601 2297 2668 Postumi,

242 2694 334 2759 qui
375 2692 842 2744 senatusconsulto
883 2691 936 2742 in
980 2690 1194 2743 exilium
1237 2692 1434 2743 missus
1462 2698 1546 2743 est
1570 2691 1820 2758 bonaque
1846 2698 2071 2759 paterna
2102 2684 2298 2744 amisitss

239 2780 327 2833 Cf.
369 2781 497 2833 Tac.
543 2781 678 2832 Ann.
723 2781 760 2833 I.
805 2779 869 2834 6:
919 2782 1117 2843 „Multa
1176 2781 1292 2833 sine
1349 2780 1511 2834 dubio
1570 2796 1841 2847 saevaque
1897 2784 2174 2848 Augustus
2230 2778 2296 2832 de

246 2869 480 2921 moribus
547 2869 913 2921 adulescentis
978 2878 1219 2935 questUS,
1278 2877 1334 2921 ut
1390 2870 1604 2922 exilium
1661 2868 1777 2922 eius
1831 2867 2297 2922 senatusconsulto

246 2959 543 3011 sanciretur
583 2958 831 3023 effecit“;
877 2957 1097 3011 Sueton.
1141 2959 1276 3026 Aug.
1335 2957 1439 3013 65:
1501 2959 1825 3027 „Agrippam
1883 2958 2050 3011 nihilo
2104 2965 2296 3012 tracta·

243 3046 505 3103 biliorem,
573 3049 732 3100 immo
799 3049 853 3100 in
917 3049 1035 3100 dies
1100 3049 1450 3101 amentiorem
1509 3048 1563 3100 in
1624 3046 1854 3100 insulam
1913 3032 2325 3116 transportavit-

246 3136 558 3205 saepsitpue
600 3138 821 3204 insuper
861 3137 1107 3189 custodia
1149 3138 1405 3201 militum3
1450 3134 1591 3189 eavit
1632 3137 1790 3189 etiam
1815 3135 2296 3202 senatusconsuth

245 3232 303 3276 ut
343 3224 532 3279 eodem
575 3226 677 3277 loci
718 3226 770 3276 in
814 3235 1129 3294 perpetuum
1182 3226 1615 3291 contineretur“;
1670 3226 1824 3279 Cass.
1882 3226 2003 3279 Dio.
2059 3224 2147 3286 55,
2195 3222 2294 3280 32:

243 3316 332 3381 τὴν
376 3312 594 3364 Ἰουλίαν
637 3313 689 3381 (i.
734 3331 778 3366 e.
822 3315 1050 3378 Liviam)
1109 3312 1179 3372 ὡς
1238 3319 1481 3384 μητρυίαν
1541 3315 1807 3380 διέβαλλεν
1862 3314 1959 3378 (sc.
2019 3311 2295 3383 Agrippa),

248 3400 379 3469 αὐτῷ
411 3421 460 3453 τε
487 3411 553 3468 τῷ
593 3398 868 3469 Αὐγοὺστῳ
907 3404 1161 3460 πολλάκις
1204 3400 1347 3471 ὑπὲρ
1375 3413 1483 3455 τῶν
1511 3406 1799 3470 πατρῴων
1828 3402 1988 3471 (bona
2006 3407 2244 3470 paterna
2262 3399 2297 3469 l)

248 3491 486 3543 ἐπεκάλει
516 3532 527 3544 .
562 3535 570 3544 .
610 3535 619 3544 .
646 3488 753 3557 καὶ,
782 3489 839 3542 οὐ
869 3496 961 3558 γὰρ
993 3491 1372 3561 ἐσωφρονίζετο,
1405 3490 1764 3562 ἀπεκηρὺχθη,
1793 3492 1877 3544 καὶ
1916 3487 1949 3559 ἦ
1990 3508 2041 3541 τε
2090 3486 2297 3544 οὐσία

248 3577 461 3630 αὐτοῦ
533 3591 615 3646 τῳ
688 3590 1176 3648 στρατιωτικῷ
1247 3586 1546 3652 ταμιείῳ
1629 3579 1792 3650 ἐδόθη
1857 3562 1943 3631 ’καὶ
2007 3575 2161 3638 αὐτὸς
2226 3577 2297 3650 εἰς

249 3668 549 3721 ΙΙλανασίαν
590 3671 676 3737 τὴν
719 3672 847 3739 πρὸς
892 3668 1085 3736 Κύρνον
1127 3679 1280 3738 νῆσον
1323 3670 1596 3740 ἐνεβλήθη.

1232 3802 1315 3844 156
