2462 4036
886 174 1265 230 Supplementum
1298 172 1727 216 commentariorum
2260 174 2327 223 39

473 339 618 392 Urbe
657 338 819 392 silent
858 344 972 390 tota
1011 338 1290 403 vitreoque
1332 336 1604 388 madentia
1644 353 1762 388 rore

542 427 811 496 Tempora
849 426 1024 478 noctis
1065 432 1222 478 eunt:
1267 431 1456 477 excute
1498 431 1652 492 poste
1693 441 1884 477 seram.

472 517 578 568 Aut
617 532 719 584 ego
759 515 865 567 iam
906 515 1158 581 ferroque
1200 514 1422 581 ignique
1462 513 1698 580 paratior
1735 511 1865 579 ipse,

539 595 719 667 Quem
762 604 884 656 face
927 603 1182 668 sustineO,
1224 609 1367 654 tecta
1408 602 1641 669 superba
1679 608 1872 669 petam.

472 738 575 789 Pro
630 735 744 803 ipse
803 733 900 804 (vs.
946 733 1058 800 58.)
1115 735 1460 788 scribendum
1510 751 1739 787 censeo:
1796 736 1987 799 ipsum·
2043 735 2329 801 intellege:

296 828 433 888 „Aut
471 843 590 894 eg0,
648 826 882 893 paratior
934 824 1051 891 ipso
1110 824 1290 876 Borea
1345 823 1435 888 (cf.
1477 840 1555 877 vs,
1599 821 1726 889 53),
1768 823 1909 876 ferro
1950 830 2003 875 et
2040 823 2165 890 igne
2223 824 2331 888 illo⁷

239 917 244 921 ’
297 932 454 982 quem
511 916 632 968 face
691 914 947 978 sustineO,
1005 920 1150 966 tecta
1209 913 1442 980 superba
1496 919 1730 980 petam“.
1789 912 1870 965 Cf.
1935 911 2030 965 Ov.
2075 912 2199 965 Her.
2246 911 2331 977 10,

295 1001 433 1058 113:
482 1004 622 1067 „Vos
682 1019 894 1068 quoque
949 1002 1197 1055 crudeles
1236 1002 1382 1064 venti
1424 1002 1752 1067 nimiumque
1799 998 2045 1068 parati“.
2089 1000 2221 1053 Non·
2250 1009 2332 1054 est

289 1093 449 1161 igitur
490 1075 623 1160 opus
665 1091 838 1159 priore
880 1108 1000 1143 mea
1041 1091 1364 1156 coniectura,
1409 1090 1497 1157 qui
1536 1090 1590 1142 in
1648 1090 1881 1142 editione
1939 1106 2033 1158 pro
2080 1087 2335 1155 paratior

287 1180 402 1250 ipse
441 1181 662 1247 scripsi:
705 1198 732 1232 o
773 1178 980 1233 ianitor
1018 1178 1155 1246 ipso,
1195 1180 1404 1246 ruitque
1445 1180 1811 1247 interpretatio
1844 1178 2041 1231 ibidem
2072 1180 2332 1246 exposita.

288 1269 372 1322 Ad
411 1286 519 1323 vss.
562 1266 800 1323 57—58.
829 1269 885 1320 in
913 1269 1292 1321 commentario
1320 1285 1438 1321 meo
1466 1286 1516 1336 p.
1548 1266 1854 1322 117—118.
1886 1268 2023 1320 haec
2049 1267 2331 1320 adnotavi:

219 1366 228 1375 “
295 1365 486 1427 „poeta
526 1364 652 1410 ante
680 1358 866 1410 oculos
895 1357 1081 1409 habuit
1108 1356 1374 1409 Stratonis
1405 1358 1788 1425 epigramma“,
1834 1355 1988 1418 Quod
2015 1355 2297 1409 delendum
2322 1375 2332 1420 ;

286 1447 486 1500 scribe:
535 1447 791 1511 „similem
832 1463 944 1498 rem
983 1447 1157 1514 tangit
1198 1444 1462 1498 Stratonis
1504 1446 1886 1513 epigramma“.

1138 1636 1482 1689 LXXXVIII.

467 1758 581 1809 Am.
623 1758 663 1811 J.
705 1757 758 1823 7,
803 1754 1004 1812 9—10.
1049 1756 1115 1809 de
1158 1755 1349 1826 Oreste
1391 1773 1424 1808 a
1462 1755 1639 1808 Furiis
1678 1763 1901 1809 vexato:

474 1891 557 1956 Et,
601 1889 798 1950 vindex
836 1890 889 1941 in
934 1896 1104 1941 matre
1144 1889 1330 1957 patris,
1364 1889 1545 1941 malus
1585 1889 1741 1955 ultor,
1784 1889 2006 1942 Orestes

543 1980 724 2030 Ausus
765 1979 820 2030 in
865 1994 1101 2031 arcanas
1141 1994 1368 2046 poscere
1407 1978 1515 2030 tela
1557 1977 1704 2031 deas.

476 2110 800 2179 Suspectum
843 2118 926 2163 est
970 2111 1247 2178 epitheton
1272 2127 1523 2163 arcanas.
1565 2111 1779 2163 Arcana
1819 2111 1960 2163 enim
2000 2104 2127 2164 iure*
2153 2114 2334 2181 appel-

289 2200 430 2252 latur
484 2200 648 2253 Ceres
690 2206 911 2268 propter
966 2200 1221 2267 mysteria
1261 2199 1557 2261 Eleusinia,
1602 2200 1699 2252 sed
1742 2217 1834 2252 cur
1872 2199 2112 2253 Furiae?
2166 2202 2335 2255 Poeta

287 2288 390 2341 hoc
430 2289 550 2342 loco
591 2296 716 2341 ante
759 2289 945 2341 oculos
989 2289 1178 2342 habuit
1216 2289 1397 2356 Eurip.
1443 2288 1618 2342 Orest.
1661 2306 1738 2343 vs.
1781 2286 1906 2343 266.
1965 2306 2044 2356 sq.
2102 2288 2332 2354 (Orestis

286 2375 505 2445 Verba):
548 2374 587 2426 ὧ
630 2374 808 2442 Φοῐβῗ,
853 2375 1188 2428 ἀποκτενοῦσι
1228 2375 1278 2445 μ’
1322 2373 1373 2427 αἱ
1428 2377 1706 2434 κυνώπιδες
1747 2375 2039 2444 Γοργῶπες,
2082 2375 2332 2445 ἐνέρων

286 2461 568 2532 ἱέρειαι,
613 2466 768 2516 δειναὶ
809 2465 942 2516 θεαί·
993 2474 1046 2520 et
1083 2467 1196 2520 ibid
1251 2465 1395 2529 268„
1455 2483 1567 2534 Sq.:
1627 2464 1730 2524 Δὸς
1771 2465 1890 2523 τόξα
1932 2469 2330 2534 μοῑκερῡῡλκά,

287 2535 425 2620 δῶρα
455 2552 660 2613 Λοξίου,
703 2553 794 2612 Οἷς
830 2556 879 2624 μ’
911 2553 1007 2605 εἶπ’
1036 2556 1293 2605 Απόλλων
1336 2554 1689 2625 ἐξαμὺνασθαι
1728 2557 1876 2621 θεάς,
1901 2554 1968 2606 Εἴ
1992 2553 2041 2625 μ5
2068 2554 2332 2625 ἐκφοβοῖεν

287 2639 519 2709 μανιάσιν
560 2643 898 2711 λυσσήμασιν.
945 2644 1235 2712 Euripides
1275 2644 1438 2712 igitur
1476 2645 1667 2697 Furias
1692 2643 1995 2712 inferorum
2036 2646 2331 2699 sacerdotes

287 2732 541 2799 appellat,
600 2750 764 2800 quare
821 2750 917 2801 pro
974 2751 1210 2786 arcanas
1278 2734 1454 2786 scribe
1525 2733 1841 2802 Orci‘nas,
1897 2735 1930 2785 i.
1974 2752 2020 2788 e.
2070 2735 2326 2789 infernas,

290 2818 491 2874 Similis
530 2822 681 2874 locus
725 2821 819 2875 Ov.
849 2823 994 2875 Fast.
1024 2823 1111 2880 IV„
1145 2820 1459 2876 235—236.
1489 2819 1575 2888 (de
1616 2823 1796 2875 Attide
1837 2824 2027 2900 Furias
2067 2824 2328 2888 vidente):

293 2909 393 2972 „Et
451 2910 607 2963 modo
670 2911 831 2974 „tolle
895 2910 1106 2969 faces“,
1173 2910 1494 2975 „remove“,>
1540 2912 1698 2986 mnodo
1764 2912 2051 2975 „verbera“
2117 2913 2328 2976 clamat,

292 2996 470 3065 Saepe
503 2998 858 3052 Palaestinas
898 3000 1038 3052 iurat
1079 2999 1276 3052 adesse
1317 3000 1503 3066 deas“,
1534 3000 1624 3052 ubi
1666 3018 1760 3069 pro
1803 3008 2054 3069 suspecto
2096 3001 2331 3069 epitheto

291 3085 641 3139 Palaestinas
680 3087 1010 3140 Klussmann
1054 3088 1318 3141 coniecit:
1361 3089 1546 3155 palam
1587 3088 1824 3159 StyyiaS.

1166 3279 1468 3332 LXXXIX.

467 3411 582 3462 Am.
625 3411 663 3462 Ι.
705 3407 757 3475 8,
801 3408 1041 3494 57—585
1082 3411 1268 3474 (verba
1306 3412 1463 3464 lenae
1505 3413 1573 3464 ad
1612 3411 1898 3480 puellam):

470 3544 629 3608 Ecce,
673 3542 801 3609 quid
840 3543 944 3595 iste
984 3550 1107 3595 tuus
1149 3550 1362 3610 praeter
1400 3561 1541 3598 nova
1582 3547 1820 3598 carmina
1858 3553 2010 3598 vates

501 3692 506 3702 Ι
541 3631 767 3683 Donat?
809 3632 1059 3685 amatoris
1103 3633 1248 3684 milia
1289 3634 1452 3685 multa
1490 3633 1640 3702 leges,

1267 3763 1351 3806 149
