2430 4022
894 159 1273 217 Supplementum
1305 160 1736 203 commentariorum
2268 163 2339 210 27

1295 369 1428 422 LVI.

475 476 628 529 Pont.
670 474 760 528 III.
803 474 853 539 4,
894 470 1144 528 65—66:

474 625 767 690 Deprecor,
810 622 945 674 haec
984 627 1162 673 vatum
1206 627 1388 671 contra
1431 636 1527 671 sua
1568 619 1804 671 carmina
1844 636 1910 672 ne
1952 620 2072 685 quis

548 712 711 763 Dicta
749 717 928 778 putet:
972 726 1066 777 pro
1108 725 1166 761 se
1208 709 1362 760 Musa
1401 709 1581 760 locuta
1621 725 1740 760 mea
1779 714 1877 761 est.
1918 765 1921 767 Α

477 859 665 926 Agitur
705 858 863 911 etiam
919 858 1022 910 hoc
1075 857 1195 909 loco
1251 856 1318 908 de
1377 857 1612 908 carmine
1672 856 1861 919 Ovidii,
1905 856 1959 907 in
2014 856 2338 923 triumphum

246 976 251 980 ·
296 947 498 1001 Tiberii
539 947 754 1015 scriptO.
797 947 967 999 Poeta
1022 963 1185 1014 supra
1238 962 1313 997 vs.
1371 944 1605 998 51—54.
1663 945 1896 1013 exponit,
1955 962 2048 997 cur
2103 946 2386 1002 carmina,

296 1043 574 1103 poetarum
614 1036 815 1088 Romae
857 1035 1226 1099 habitantium,
1286 1034 1375 1099 qui
1430 1034 1755 1101 triumphum
1794 1034 1901 1101 ipsi
1942 1040 2336 1102 spectaverunt,

296 1125 530 1177 carmine
571 1141 667 1176 suo
708 1141 941 1190 aequare
982 1140 1090 1175 non
1130 1124 1376 1190 potuerit.
1422 1123 1634 1175 Deinde
1676 1122 1854 1174 addit:
1903 1123 2228 1190 ,‚Deprecor,
2270 1139 2342 1174 ne

296 1212 415 1279 quis
455 1220 733 1280 poetarum
789 1212 940 1277 haec,
1000 1212 1137 1278 quae
1195 1229 1357 1280 supra
1412 1213 1653 1278 exposui,
1712 1218 1898 1263 contra
1948 1228 2046 1262 sua
2102 1213 2339 1263 carmina

296 1301 441 1355 dicta
481 1308 660 1369 putet:
703 1308 906 1353 tantum
937 1318 1031 1370 pro
1063 1318 1121 1354 se
1149 1302 1303 1352 Musa
1330 1318 1448 1352 mea
1474 1301 1651 1352 locuta
1681 1307 1780 1366 est,
1821 1301 1854 1352 i.
1900 1318 1945 1352 e.
1989 1317 2051 1352 eo
2094 1300 2341 1365 consilio⁷

295 1397 351 1442 ut
389 1407 473 1442 me
517 1390 884 1462 defenderem,
927 1406 1032 1442 000
1074 1407 1154 1455 eo,
1197 1398 1254 1442 ut
1293 1391 1518 1442 aliorum
1559 1390 1747 1442 merita
1787 1390 2134 1442 minuerem“.

1235 1641 1392 1693 Lvr.

475 1731 532 1782 P.
577 1731 666 1783 111.
707 1730 759 1795 4,
802 1728 905 1784 89:

471 1878 635 1930 Inrita
675 1883 936 1931 motorum
978 1895 1086 1930 non
1128 1885 1250 1930 sunt
1291 1879 1579 1946 praesagia
1619 1887 1814 1932 vatum.

469 2025 532 2077 In
573 2027 952 2079 commentario
1012 2035 1129 2079 'meo
1185 2026 1467 2079 adnotavi:
1533 2032 1840 2091 „motorum
1884 2026 2061 2079 divino
2104 2025 2337 2092 quodam

295 2114 494 2167 monitu
532 2117 946 2181 permotorum“.
1009 2114 1117 2167 Sed
1172 2121 1436 2168 motorum
1493 2115 1804 2168 coniectura
1859 2122 1942 2167 est
1989 2115 2052 2167 N.
2096 2114 2339 2179 Heinsii;

293 2202 508 2255 codices
551 2203 753 2256 habent
792 2211 1123 2270 votorums,
1148 2204 1287 2270 quod
1315 2204 1651 2261 retinendum
1681 2205 1891 2256 censuit
1930 2205 2033 2256 iam
2076 2202 2338 2270 Guthling

292 2291 347 2342 in
407 2291 642 2344 editione
699 2308 798 2344 sua
857 2292 993 2345 haec
1053 2293 1325 2345 scribens:
1394 2298 1667 2356 „votorum
1724 2293 2153 2360 coniungendum
2218 2308 2335 2344 cum

291 2378 520 2432 inrita&
565 2379 895 2432 Sententiam
939 2381 1053 2433 eius
1096 2381 1427 2434 confirmavit
1454 2382 1682 2434 Ehwald
1708 2378 1873 2448 (Krit.
1916 2379 2088 2433 Beitr.
2131 2398 2182 2449 p.
2225 2378 2342 2447 48.)

296 2466 490 2522 collato
534 2469 665 2522 Stat.
708 2469 879 2529 Theb.
921 2470 1033 2522 VII.
1076 2467 1216 2523 314:
1266 2488 1564 2537 „nunquam
1608 2486 1798 2521 manus
1837 2468 2010 2522 (inrita
2048 2468 2210 2522 votffl.

1220 2720 1404 2792 Lym.

418 2865 423 2870 A
470 2883 621 2934 Pont.
665 2881 757 2963 HL
796 2882 847 2947 4,
895 2879 1202 2936 103-2104.
1246 2879 1333 2949 (de
1373 2883 1641 2950 triumpho
1681 2880 2109 2950 praeparando):

475 3027 656 3092 Scuta,
700 3029 799 3081 sed
840 3036 891 3080 et
931 3029 1123 3095 galeae
1163 3031 1389 3095 gemmis
1428 3030 1704 3083 radientur
1744 3036 1796 3082 et
1834 3046 1963 3082 auro

549 3115 806 3183 Stentque
849 3135 1012 3186 super
1050 3116 1211 3170 victos
1250 3126 1437 3171 trunca
1478 3126 1697 3186 tropaea
1737 3119 1896 3172 viros

441 3264 573 3316 »Pro
615 3263 774 3342 victos
815 3265 1155 3317 scribendum
1196 3267 1453 3319 vinctos
1482 3282 1599 3317 cum
1630 3265 1939 3317 Monacensi
1980 3262 2103 3318 384.
2147 3272 2339 3316 censet

294 3351 522 3405 Ehwald
562 3351 733 3417 (Krit.
775 3351 945 3404 Beitr.
975 3370 1027 3420 p.
1055 3350 1197 3420 58.);
1238 3370 1361 3405 nam
1387 3353 1442 3404 in
1469 3354 1802 3405 numismatis
1842 3360 2105 3421 apparent
2131 3353 2331 3420 passim

295 3440 492 3508 captivi
531 3440 696 3493 vincti
736 3441 836 3494 sub
861 3442 1098 3510 tropaeis
1125 3442 1409 3507 sedentes3
1453 3442 1520 3495 cf.
1565 3441 1823 3507 Babelon,
1865 3441 2141 3494 Monnaies
2184 3457 2330 3493 cons,

294 3529 333 3582 Ι.
379 3528 499 3584 194.
541 3531 607 3583 II.
653 3529 775 3584 115.
819 3529 1018 3582 Similis
1058 3531 1208 3583 locus
1250 3531 1394 3599 apud
1434 3531 1671 3599 Propert.
1702 3530 1793 3582 ΙΙΙ.
1828 3530 1879 3593 4,
1924 3527 2023 3583 18:
2072 3530 2169 3591 „Et
2210 3529 2335 3581 sub-

295 3625 376 3670 ter
416 3626 603 3686 captos
646 3635 795 3670 arma
835 3619 1024 3671 sedere
1066 3619 1287 3672 duces“.

1210 3727 1219 3736 '
1269 3751 1355 3793 137
