2462 4036
858 188 1236 246 Supplementum
1269 191 1621 234 commenta1io1
1624 205 1699 234 um
2232 196 2296 245 31

175 380 196 406 ς
233 346 368 422 ..25)
407 353 704 408 arctissime
745 351 1037 405 cohaerent
1074 351 1322 419 idemque
1362 369 1535 420 paene
1578 352 1908 420 significant,
1944 353 2090 418 quod
2114 371 2302 420 quam-

239 440 343 495 vis
395 471 465 478 —
522 446 734 506 tamem
792 440 862 494 cf.
918 441 1070 494 Pont.
1127 441 1217 493 III.
1276 441 1324 505 1,
1381 439 1618 496 63—64.
1683 443 1899 508 „thue
1956 442 2140 494 favere
2181 459 2302 495 reor

259 531 442 599 plures
479 530 763 584 virtutibus
800 530 938 594 istis,
982 527 1072 582 Sic
1110 536 1202 581 tua
1240 546 1347 582 non
1387 546 1592 598 paucae
1633 546 1853 598 carpere
1870 527 2044 583 facta
2085 532 2296 584 volent“

260 625 316 671 et
352 618 479 674 ibid.
520 619 612 673 III.
672 618 722 684 2,
783 616 1032 673 19--2οε
1099 618 1312 684 „thue
1351 619 1525 684 magis
1569 618 1712 671 cauti
1754 626 1980 686 possunt
2025 620 2300 685 timidique
2350 615 2353 619 ’

258 707 444 774 videri,
488 707 577 760 Sic
615 703 879 775 appellari
925 723 1032 759 non
1074 724 1314 759 meruere
1370 707 1549 760 mali“.
1607 708 1902 774 Intellege:
1960 707 2304 774 Quamquam

258 796 526 863 corrigere
565 803 714 848 tanto
753 795 941 848 minus
984 796 1205 848 difficile
1247 804 1329 848 est
1371 813 1529 863 quam
1576 797 1835 862 scribere,
1886 804 2086 863 quanto
2134 797 2305 848 minor

258 891 373 936 erat
412 885 756 938 Aristarchus
814 885 1030 938 criticus
1070 885 1317 938 'Homero
1358 892 1536 952 poeta,
1588 891 1766 938 tamen
1810 884 2113 952 corrigendi
2152 885 2304 937 labor

257 975 490 1026 animum
545 974 719 1026 laedit.
771 981 825 1026 et
878 974 1106 1026 calorem
1161 975 1258 1038 (vs.
1318 973 1427 1042 21.)
1467 974 1614 1026 illum
1656 975 1924 1042 poeticum
1968 973 2302 1041 refrigerat“.

259 1060 507 1114 Ceterum
547 1063 693 1115 calor
732 1079 812 1117 vs.
856 1061 943 1116 21.
989 1070 1072 1116 est
1111 1064 1414 1115 coniectura
1455 1063 1517 1116 N.
1561 1063 1774 1115 Heinsii
1822 1079 1918 1130 pro
1973 1061 2122 1114 labor
2161 1062 2303 1114 codi-

259 1138 412 1204 cibus
466 1151 776 1205 melioribus
831 1152 1063 1216 tradito;
1122 1169 1240 1204 cum
1289 1170 1482 1218 quasso
1525 1149 1622 1219 (vs.
1666 1150 1776 1219 21.)
1818 1152 2128 1204 coniectura
2166 1150 2302 1202 Mer-

174 1283 178 1286 .
257 1239 387 1292 kelii
426 1257 521 1308 pro
562 1258 787 1307 cumque
825 1258 922 1292 suo
964 1240 1239 1293 codicibus
1280 1242 1491 1293 tradito.

1199 1449 1358 1502 LXV.

384 1583 386 1585 ¹
432 1596 586 1647 Pont.
642 1592 730 1649 IV.¹
791 1595 837 1662 1,
894 1594 1093 1672 9-16.
1155 1594 1385 1664 (poetam
1440 1598 1678 1666 paenitet
1734 1616 1794 1651 se
1835 1616 2029 1652 nomen
2070 1602 2302 1669 patroni⁷

257 1681 406 1735 Sexti
443 1684 680 1753 Pompei,
722 1686 778 1737 in
819 1685 1062 1753 epistulis
1103 1687 1338 1738 nondum
1381 1686 1883 1756 commemorasse):

435 1831 511 1885 O!
555 1833 804 1899 quotiens
846 1850 946 1901 ego
989 1850 1104 1886 sum
1145 1834 1296 1887 libris
1337 1835 1464 1886 mihi
1505 1837 1653 1888 visus
1694 1836 1749 1887 in
1790 1835 1909 1888 istis
1991 1851 1997 1855 ·

509 1922 726 1990 ImpiUS‚
768 1922 823 1974 in
865 1923 1010 1974 nullo
1051 1923 1195 1989 quod
1234 1924 1476 1991 legerere
1527 1925 1678 1977 loco:
1804 1910 1808 1911 ⁷

435 2009 503 2063 O!
547 2013 813 2078 quotiens,
858 2013 949 2064 alii
991 2029 1108 2064 cum
1150 2014 1344 2065 vellem
1386 2013 1648 2079 scribere,
1690 2030 1885 2067 nomen

508 2100 730 2152 Rettulit
768 2101 822 2152 in
864 2118 1016 2153 ceras
1058 2102 1230 2154 inscia
1271 2102 1461 2154 dextra
1504 2110 1670 2156 tuum.

434 2188 558 2256 Ipse
599 2189 727 2240 mihi
765 2190 968 2256 placuit
1010 2191 1219 2243 mendis
1259 2191 1313 2243 iu
1354 2191 1557 2244 talibus
1607 2209 1754 2244 error

507 2278 576 2329 Et
614 2278 702 2329 vix
740 2279 908 2330 invita
947 2279 1092 2332 facta
1130 2280 1292 2331 litura
1338 2298 1499 2332 manu
1543 2287 1641 2333 est.

439 2365 707 2428 „Viderit“
755 2367 826 2419 ad
867 2385 1135 2421 summam
1176 2369 1299 2421 dixi.
1350 2369 1538 2431 „Licet
1577 2370 1696 2438 ipse
1738 2378 2010 2437 queratur,

508 2455 660 2507 Hanc
700 2455 866 2522 pudet
905 2456 1166 2509 offensam
1207 2474 1315 2509 non
1359 2459 1621 2510 meruisse
1665 2460 1811 2526 prius
1843 2460 1863 2479 ‘⁶

433 2616 494 2670 V.
540 2616 623 2671 15.
667 2618 739 2670 ad
777 2636 1048 2670 summum
1088 2619 1284 2686 legitur
1322 2621 1377 2671 in
1417 2621 1763 2686 editionibus,
1808 2622 1905 2675 sed
1943 2623 1999 2674 in
2028 2623 2303 2676 codicibus

255 2704 503 2758 omnibus
558 2713 642 2758 est
696 2710 788 2759 ad
840 2722 1215 2775 summam,
1274 2710 1418 2775 quod
1475 2710 1830 2763 retinendum.
1886 2711 2003 2764 Hoc
2057 2711 2176 2764 loco
2233 2712 2306 2764 ad

255 2810 523 2846 summam
576 2795 719 2848 idem
776 2796 1083 2864 significare
1138 2798 1362 2864 videtur,
1422 2799 1565 2865 quod
1624 2799 1855 2866 denique
1894 2807 1985 2852 aut
2014 2806 2301 2867 postremo,

258 2881 398 2934 sicut
449 2884 592 2951 apud
647 2885 838 2939 Iustin.
897 2887 1044 2940 XIII.
1103 2884 1154 2952 8,
1212 2885 1263 2941 8.
1320 2887 1496 2941 XXII.
1558 2887 1606 2954 1,
1663 2886 1716 2942 8.
1772 2882 2002 2942 XXXII.
2049 2889 2096 2955 1,
2153 2888 2205 2943 8.
2248 2897 2302 2941 et

257 2968 459 3024 Vitruv.
500 2972 613 3026 VII.
656 2975 829 3041 praef.
875 2973 972 3029 10:
1022 2977 1121 3037 „Et
1162 2976 1235 3028 ad
1273 2993 1541 3029 summam
1584 2993 1724 3030 mors
1780 2979 1896 3030 eius
1935 2985 1992 3030 ut
2031 2977 2302 3045 parricidii

256 3055 505 3113 damnati
543 3063 690 3114 varie
732 3065 1108 3116 memoratur“.

1186 3270 1371 3323 LXVI.

436 3415 588 3470 Pont.
628 3415 715 3468 IV.
759 3415 809 3482 2,
851 3415 1050 3472 9—10.
1094 3414 1180 3485 (de
1222 3417 1378 3471 donis
1420 3416 1838 3488 silperxfacuis):

435 3562 567 3625 Quis
608 3564 713 3615 mel
752 3563 1015 3640 Aristan,
1058 3566 1176 3630 quis
1216 3566 1432 3618 Baccho
1474 3566 1601 3619 vina
1645 3567 1905 3631 Falerno,

515 3653 843 3720 Triptolemo
884 3653 1085 3721 frugeS‚
1127 3670 1288 3722 poma
1328 3654 1418 3706 det
1457 3654 1729 3707 Alcinoo?

1239 3786 1323 3828 141
1341 3810 1343 3812 ·
