2462 4036
854 213 1232 282 Supplementum
1265 215 1695 258 commentariorum
2229 219 2294 268 41

1199 467 1363 520 XCII.

437 573 549 624 Am.
592 570 655 623 ΙΙ.
700 567 784 636 16,
829 568 1081 625 37—-402

432 718 552 771 Non
593 734 695 785 ego
735 719 1026 786 Paelignos
1067 718 1254 770 videor
1296 717 1573 770 celebrare
1617 718 1880 783 salubreS,

507 807 627 859 Non
670 823 772 874 ego
813 807 1065 872 natalem,
1108 824 1233 859 rura
1272 813 1513 874 paterna,
1556 808 1750 872 locum,

438 893 547 947 Sed
590 894 864 962 Scythiam
909 896 1215 963 Cilicasque
1258 897 1404 948 feros
1445 895 1754 962 viridesque
1793 894 2102 949 Britannos

509 983 768 1051 Quaeque
808 986 1127 1038 Prometheo
1171 1001 1301 1037 saxa
1341 1001 1528 1037 cruore
1569 985 1778 1038 rubent.

445 1130 655 1184 Virides
694 1131 1000 1184 Britannos
1042 1132 1312 1199 significat
1351 1133 1455 1185 hoc
1494 1134 1613 1184 1000
1655 1130 1883 1184 viridem
1921 1130 2301 1195 Britanniam,

253 1222 285 1274 i.
329 1237 372 1273 e.
431 1221 581 1274 silvis
637 1221 932 1274 virentibus
990 1223 1227 1275 claram:
1280 1222 1350 1274 cf.
1396 1222 1571 1274 Strab.
1615 1223 1701 1275 IV.
1745 1239 1793 1289 p.
1841 1219 1978 1276 199:
2037 1219 2138 1271 ἔστι
2181 1221 2223 1270 δ’
2268 1217 2297 1288 ἡ

253 1311 462 1375 πλείστη
507 1316 593 1377 τῆς
623 1312 781 1377 νήσου
824 1308 1270 1378 (se.Britanniae)
1311 1309 1491 1367 πεδιὰς
1533 1313 1621 1360 καὶ
1660 1309 2138 1376 κατάδρυμος.
2181 1311 2300 1363 Νο11

257 1406 340 1451 est
396 1399 558 1465 igitur
613 1415 747 1467 opus
788 1417 908 1452 mea
959 1400 1285 1466 coniectura,
1329 1400 1419 1466 qui
1459 1400 1513 1451 in
1555 1399 1792 1452 editione
1848 1416 1943 1467 pro
2000 1398 2302 1466 viridesque

252 1487 448 1555 scripsi
469 1486 782 1554 vitreosque.
824 1489 948 1541 Ruit
988 1489 1145 1540 etiam
1187 1489 1558 1556 interpretatio
1599 1488 1796 1541 ibidem
1840 1505 1873 1540 a
1913 1505 1997 1540 me
2039 1490 2301 1555 exposita.

1179 1739 1372 1793 XCIII.

431 1843 546 1895 Am.
588 1844 682 1896 III.
728 1842 776 1909 1,
819 1843 869 1898 3.

426 1992 571 2044 Fons
613 2008 768 2044 sacer
806 1992 860 2043 in
901 1990 1077 2043 medio
1119 1992 1484 2059 speluncaque
1522 1989 1732 2058 pumice
1763 1991 2028 2057 pendens,

426 2140 489 2192 In
531 2139 913 2192 commentario
969 2155 1087 2191 meo
1143 2140 1429 2192 adnotavi:
1481 2147 1672 2208 „poeta
1712 2146 1837 2191 ante
1880 2139 2066 2191 oculos
2108 2138 2294 2190 habuit

244 2228 489 2296 Propert.
518 2228 608 2281 111.
640 2227 690 2290 3,
721 2226 974 2282 27—28:
1025 2228 1156 2290 „Hic
1197 2237 1311 2281 erat
1351 2228 1529 2281 affixis
1570 2229 1756 2281 viridis
1799 2227 2061 2295 spelunca
2099 2227 2298 2294 lapillis

250 2316 676 2384 Pendebantque
735 2318 882 2370 cavis
937 2313 1194 2385 tympana
1250 2318 1607 2386 pumicibus“.
1675 2316 1826 2369 Adde
1867 2316 2028 2383 Verg.
2073 2315 2299 2380 Ge.1V,

160 2375 183 2421 1,
242 2402 390 2459 373:
441 2406 699 2469 „thalami
730 2405 1035 2472 pendentia
1068 2405 1284 2472 pumice
1325 2408 1521 2459 tecta“.

1112 2688 1130 2693 -
1176 2656 1363 2710 XCIV.

426 2820 543 2871 Am.
585 2819 676 2870 111.
721 2818 771 2881 2,
813 2817 1015 2873 9—10.
1060 2816 1145 2887 (de
1186 2819 1330 2871 ludis
1373 2818 1759 2882 circensibus):

426 2966 543 3018 Hoc
584 2967 713 3019 mihi
755 2967 1049 3033 contingat,
1091 2983 1242 3018 sacro
1285 2966 1347 3018 de
1387 2982 1605 3019 carcere
1647 2966 1826 3018 missis

500 3054 751 3106 Insistam
793 3055 919 3107 forti
959 3061 1136 3106 mente
1176 3053 1458 3106 vehendus
1500 3054 1670 3120 equis.

424 3203 527 3254 Pro
547 3209 799 3268 suspecto
826 3219 977 3254 sacro
1005 3202 1138 3253 dein
1158 3201 1391 3253 editione
1415 3218 1533 3253 mea
1553 3201 1938 3254 commendavi:
1968 3205 2295 3264 reseram,

250 3291 445 3344 collato
512 3289 607 3342 Ov.
668 3289 783 3340 Am.
843 3290 935 3341 III.
980 3288 1029 3354 2,
1085 3289 1185 3343 77:
1271 3291 1522 3355 „Iamque
1576 3297 1762 3356 patent
1815 3292 2006 3342 iterum
2062 3292 2291 3341 reserato

249 3395 465 3432 carcere
521 3380 761 3446 postes“.
820 3378 974 3430 Adde
1035 3378 1130 3431 Ov.
1175 3380 1236 3430 A.
1281 3379 1342 3429 A.
1383 3379 1474 3431 III.
1520 3375 1658 3432 595:
1725 3381 1886 3442 „Tum
1945 3379 2083 3430 bene
2140 3376 2311 3428 tortis

248 3484 418 3534 equus
457 3475 689 3519 reserato
732 3482 949 3518 carcere
994 3468 1205 3518 currit“.
2243 3487 2246 3490 -

1231 3803 1312 3844 151
