2430 4022
775 140 788 236 ’μ
842 169 1219 234 Supplementum
1252 172 1681 215 commentariorum
2215 175 2276 224 17

822 302 829 306 .
1869 293 1875 314 l

414 335 587 402 Quod,
628 351 748 389 cum
786 341 969 405 vestra
1008 333 1199 388 domus
1240 334 1441 388 teneris
1481 334 1611 387 mihi
1652 351 1864 404 semper
1902 336 1971 389 ab
2013 337 2168 389 annis

487 424 644 478 Culta
684 424 770 488 sit,
812 439 936 477 esse
977 431 1133 477 vetus
1173 440 1256 476 me
1297 417 1394 476 tibi
1436 425 1582 492 cogit
1620 440 1772 478 onus.

408 572 558 625 Haec
598 578 683 625 est
719 572 1078 640 interpunctio
1126 571 1182 623 in
1233 570 1467 623 editione
1524 571 1874 626 Merkeliana.
1931 573 1997 626 H.
2053 573 2282 640 Magnus

228 660 394 726 (Berl.
445 658 589 713 Phil.
643 660 812 713 Woch.
868 657 1026 714 1920.
1084 677 1135 728 p.
1197 657 1342 727 156.)
1397 661 1771 712 recte-locum
1830 661 2067 729 explicat
2118 661 2280 714 inter-

227 749 519 818 punctione
561 755 795 801 mutata:
845 747 1140 812 „Oflenbar
1165 749 1250 801 *ist
1290 749 1388 801 das
1430 749 1588 801 dritte
1629 750 1771 815 quod
1825 747 1924 814 (vs.
1968 747 2078 817 73.)
2131 751 2281 803 Fort-

229 845 458 906 setzung
497 837 593 890 der
628 837 831 890 beiden
872 844 1053 890 ersten
1094 835 1192 905 (VS.
1237 837 1321 892 71.
1369 835 1477 906 72.)
1520 838 1629 890 und
1669 838 1810 891 nach
1851 837 1977 891 dedi
2018 845 2145 891 statt
2184 839 2281 893 des

224 910 469 979 Punktes
511 927 598 979 ein
637 927 867 979 Komma
908 944 971 978 zu
1012 933 1212 979 setzen.
1255 927 1316 978 In
1357 924 1444 980 73.
1487 927 1558 978 ist
1598 945 1661 978 zu
1690 913 2097 980 konstruieren:
2139 929 2282 994 quod

227 1021 403 1068 vestra
445 1014 649 1080 domuc,
693 1032 810 1068 cum
843 1058 853 1068 .
885 1057 894 1068 .
928 1058 937 1067 .
981 1015 1126 1068 culta
1170 1017 1253 1081 sit,
1297 1014 1433 1083 eoffljt
1472 1032 1554 1067 me
1594 1016 1691 1068 tibi
1730 1022 1884 1069 vetus
1915 1022 2060 1091 ‘on-us
2101 1018 2280 1071 esse“.

1049 1240 1060 1252 ·
1128 1223 1383 1275 XXXIII.

403 1297 556 1349 Pont.
598 1296 664 1349 II.
709 1295 758 1362 5,
803 1295 979 1349 1—2:

409 1442 638 1496 Condita
678 1443 985 1510 disparibus
1025 1444 1263 1497 numeris
1305 1461 1407 1511 ego
1450 1444 1598 1497 Naso
1640 1443 1844 1496 Salano

481 1533 803 1600 Praepos-ita
843 1532 962 1584 misi
1002 1533 1168 1586 verba
1209 1534 1382 1585 salute
1423 1549 1559 1586 me0.

403 1665 596 1732 Agitur
638 1665 704 1718 de
753 1664 938 1718 Cassio
983 1665 1202 1731 Salano,
1247 1666 1497 1719 Caesaris
1541 1666 1844 1719 Germanici
1893 1667 1948 1718 in
1977 1667 2279 1722 rhetoricis

225 1753 500 1822 magistrO,
544 1771 702 1821 quem
730 1762 1109 1807 commemorat
1135 1755 1269 1808 Plin.
1300 1756 1364 1807 N.
1394 1756 1456 1808 H.
1491 1755 1737 1808 XXXIV.
1764 1755 1868 1809 47:
1917 1757 2054 1819 „duo
2073 1758 2277 1826 pocula

127 1910 131 1912 ‚
226 1841 519 1895 Calamidis
576 1860 736 1895 manu
794 1844 1020 1909 caelata⁷
1080 1861 1217 1911 quae
1281 1843 1468 1897 Cassio
1543 1844 1749 1909 Sala‘no
1791 1846 2130 1914 praeceptori
2181 1862 2293 1904 suo

225 1930 430 1984 Caesar
471 1912 826 1986 Germanicus
866 1933 1117 1985 adamata
1156 1934 1504 1986 donaverat“.

1128 2141 1378 2193 XXXIV.

403 2213 556 2265 Pont.
599 2213 666 2265 II.
713 2211 764 2279 5,
810 2211 1060 2268 15—16:

415 2359 635 2428 Quoque
675 2363 846 2429 magis
886 2378 1134 2416 moveare
1175 2363 1349 2429 maliS,
1396 2363 1723 2429 doctissime,
1765 2364 1980 2431 nostris,

390 2520 396 2527 .
478 2449 747 2503 Credibile
788 2458 871 2503 est
910 2450 1026 2502 fieri
1067 2451 1381 2504 condicione
1421 2453 1542 2504 loci.

398 2597 464 2650 H.
510 2597 739 2665 Magnus
781 2595 945 2666 (Berl.
986 2596 1133 2651 Phil.
1190 2599 1359 2652 Woch.
1408 2598 1566 2654 1920.
1624 2617 1673 2668 p.
1737 2597 1912 2668 159.);
1977 2601 2102 2664 „Ich
2156 2601 2272 2655 lese

225 2687 539 2750 quodque
580 2683 730 2753 (statt
769 2683 996 2754 quoque)
1038 2685 1213 2756 mayis
1253 2705 1489 2741 moveare
1528 2688 1703 2755 malie,
1748 2689 1796 2741 d.
1839 2689 1891 2742 h.
1936 2697 1989 2742 et
2016 2690 2272 2743 credibile

219 2780 305 2827 est
344 2773 476 2839 ficri,
523 2774 666 2842 quod
706 2792 972 2828 moveare.
1015 2777 1129 2829 Das
1170 2774 1522 2831 iiberlieferte
1564 2795 1769 2844 quoque
1817 2779 1888 2831 ist
1945 2779 2086 2831 ohne
2139 2778 2271 2832 Sinn

219 2862 330 2916 und
373 2862 810 2916 Konstruction.“
860 2865 1199 2917 Rectissime.

1132 3071 1354 3124 XXXV.

398 3217 555 3268 Pont.
576 3216 640 3267 II.
662 3215 712 3282 5,
732 3214 871 3270 65-
883 3216 968 3271 68.
998 3218 1174 3286 agitur
1200 3218 1266 3270 de
1291 3219 1689 3287 comparatione
1715 3220 1940 3272 oratoris
1968 3226 2021 3271 et
2049 3224 2265 3287 poetae:

398 3363 580 3415 Distat
623 3380 758 3432 opus
800 3373 1056 3430 nostrum,
1101 3366 1199 3417 sed
1238 3365 1477 3419 fontibus
1519 3367 1626 3418 exit
1663 3367 1731 3419 ab
1770 3367 1960 3433 isdem,

471 3453 625 3505 Artis
668 3460 721 3505 et
758 3453 1028 3520 ingenuae
1071 3454 1242 3506 cultor
1281 3462 1504 3520 uterque
1546 3472 1744 3507 sumus.

404 3539 658 3608 Thyrsus
698 3540 843 3593 enim
883 3540 1055 3607 nobis,
1093 3546 1302 3610 qestata
1341 3548 1417 3595 est
1456 3543 1647 3595 laurea
1685 3542 1846 3608 vobi8‚

474 3627 583 3681 Sed
622 3636 804 3682 tamen
843 3630 1104 3683 ambobus
1146 3631 1307 3684 debet
1344 3632 1524 3684 inesse
1566 3633 1726 3685 calor.

307 3771 432 3807 Akad.
458 3773 525 3807 ert.
553 3783 575 3807 a
600 3774 729 3817 nyeiv-
754 3773 796 3807 e's
822 3774 942 3816 szept.
969 3774 1140 3809 kerebffl.
1167 3774 1302 3808 xx1v.
1327 3774 1403 3810 kct.
1428 3775 1462 3809 3.
1491 3785 1544 3811 sz.
2059 3764 2084 3805 2
