2430 4022
859 174 1237 231 Supplementum
1270 176 1698 219 commentariorum
2241 179 2306 227 13

265 340 317 410 (i.
347 340 400 395 el
435 337 704 407 infernae)
744 356 869 393 orae
908 346 1175 406 poetaque
1216 346 1401 407 aperte
1442 339 1677 411 imitatur
1703 340 1996 407 Vergilium
2040 342 2305 395 Aen.VII.

266 427 423 486 773.:
508 427 799 489 „Fulmine
837 427 1236 496 Phoebigenam
1278 426 1498 496 Styyias
1540 426 1771 481 detrusit
1810 428 1882 480 ad
1921 430 2149 482 midas.“
2221 430 2303 482 Cf.

263 520 422 572 Trist.
465 518 552 572 IV.
597 516 647 583 5,
690 514 947 570 21—22:
1009 517 1108 578 „Et
1146 523 1321 568 tutare
1377 524 1538 584 caput
1592 517 1724 568 nulli
1781 517 2064 582 servabile,
2108 519 2154 570 si
2199 535 2305 570 non

265 607 368 670 Qui
421 607 604 659 mersit
662 603 871 673 Styqia,
933 604 1181 658 sublevet
1233 604 1382 670 illud,
1440 607 1645 671 aqua“;
1702 605 1840 657 Pont
1878 606 1942 657 II.
1987 604 2036 670 3,
2077 606 2180 659 44:
2231 607 2306 669 „A

264 695 457 765 Styyia
513 701 768 762 quantum
826 709 943 746 sors
999 710 1121 746 mea
1176 693 1341 745 distat
1390 696 1601 760 aqua“;
1658 694 1786 749 ibid.
1827 695 1912 747 IV.
1957 691 2008 758 9,
2052 692 2305 748 73—74:

269 785 369 849 „Et
409 785 455 837 si
494 800 653 851 quem
694 782 843 835 dabit
881 799 1014 834 aura
1055 782 1246 847 sinum,
1288 783 1484 835 iactate
1525 783 1798 849 rudentes,
1842 785 2013 835 Exeat
2041 802 2068 836 e
2099 782 2306 852 Styyiis

264 882 320 927 ut
359 892 481 929 mea
519 872 674 926 navis
715 870 923 938 aquis.“

1201 1081 1374 1133 XXII.

439 1187 592 1240 Pont.
633 1187 672 1240 Ι.
715 1184 766 1252 8,
812 1184 1056 1240 73—74:

440 1334 608 1386 Terra
647 1334 806 1387 velim
849 1334 1066 1402 propior
1105 1334 1376 1400 nullisque
1418 1333 1647 1386 obnoxia
1687 1334 1845 1386 bellis

456 1488 459 1490 q
507 1424 715 1488 -Detur3
758 1428 873 1475 erat
911 1423 1110 1475 nostris
1150 1420 1278 1490 pars
1318 1423 1461 1476 bona
1501 1423 1717 1491 dempta
1758 1423 1929 1476 malis,

382 1556 384 1559 '
442 1571 500 1623 V.
529 1570 615 1624 74.
658 1563 773 1623 erat
811 1571 1006 1639 legitur
1044 1572 1099 1623 in
1141 1571 1372 1624 editione
1415 1571 1779 1636 Merkeliana3
1823 1571 1921 1623 sed
1963 1570 2303 1623 scribendum

264 1676 382 1712 cum
440 1658 753 1727 Giithlingio
813 1662 963 1727 erit,
1017 1660 1050 1711 i.
1095 1677 1140 1713 e.
1185 1660 1230 1711 si
1287 1660 1412 1711 mihi
1466 1667 1609 1712 terra
1663 1659 1875 1712 dabitur
1929 1660 2089 1711 nullis
2144 1659 2306 1712 bellis

263 1747 510 1813 obnoxia,
553 1748 752 1800 nostris
792 1748 946 1800 malis
987 1765 1113 1816 pars
1153 1748 1296 1800 bona
1337 1748 1554 1816 dempta
1595 1749 1709 1801 erit.

1190 1995 1388 2052 XXIII.

440 2102 590 2155 Pont.
635 2103 672 2156 Ι.
714 2101 766 2168 9,
809 2101 912 2156 25:

443 2247 487 2301 Ο
531 2247 778 2315 quotiens
819 2238 975 2301 dikit:
1026 2249 1347 2311 „Placabilis
1386 2250 1467 2302 ira
1508 2249 1727 2302 deorum
1770 2258 1881 2303 est:

513 2338 646 2390 Vive
688 2355 789 2390 nec
828 2338 1038 2405 ignosci
1079 2345 1134 2390 tu
1176 2338 1271 2391 tibi
1310 2355 1473 2406 posse
1516 2340 1712 2406 nega“.

444 2427 561 2479 Vox
601 2434 780 2479 tamen
820 2427 914 2478 illa
955 2427 1055 2478 fuit
1094 2426 1466 2479 celeberrima:
1514 2427 1806 2495 „Respice,'
1833 2434 2087 2494 quantum

518 2516 730 2568 Debeat
769 2516 1021 2567 auxilium
1062 2516 1322 2568 Maximus
1364 2533 1487 2568 esse
1527 2516 1677 2569 tibi“.

439 2662 504 2714 H.
564 2662 792 2729 Magnus
859 2659 1024 2729 (Berl.
1083 2662 1230 2716 Phil.
1301 2663 1471 2716 Woeh.
1532 2662 1692 2719 1920.
1753 2681 1801 2732 p.
1862 2661 2007 2734 156.)
2070 2665 2146 2716 ita
2218 2681 2302 2716 me

264 2758 472 2803 monet:
521 2750 731 2813 „Weiss
773 2751 869 2803 der
907 2751 1188 2818 Interpret‚
1231 2769 1344 2804 was
1385 2752 1722 2805 celeberrima
1761 2753 1878 2806 hier
1934 2751 2150 2806 heisst‘?
2205 2753 2301 2804 Ich

264 2847 468 2892 wusste
527 2856 585 2893 es
640 2839 802 2907 lange
859 2840 1008 2892 nicht
1062 2841 1426 2894 und'dachte
1467 2859 1658 2909 wegen
1714 2842 1810 2895 der
1850 2843 2158 2895 deutlichen
2198 2843 2299 2893 Be-

265 2929 498 2995 ziehung
556 2929 652 2981 auf
714 2926 801 2982 23.
861 2928 1106 2995 quotiens
1170 2929 1290 2982 dicei
1353 2948 1422 2983 an
1489 2930 1809 2983 creberrima
1875 2930 2110 2999 (h'aufige
2173 2931 2300 2983 Ver-

264 3016 584 3084 wechslung
622 3018 676 3070 in
719 3017 823 3069 den
865 3017 1345 3086 Handschrifteni)
1385 3018 1531 3072 Abel·
1570 3020 1672 3072 Ars
1712 3020 1776 3071 II.
1805 3018 1944 3073 705:
1986 3024 2172 3086 sponte
2199 3037 2301 3072 sua

262 3103 603 3158 celeberrima
641 3105 800 3158 verba
841 3106 1129 3172 loquentur
1184 3108 1359 3177 nogtigt
1406 3109 1546 3161 doch
1590 3126 1654 3160 zu
1695 3109 1791 3161 der
1830 3110 2129 3174 Annahme‚
2172 3109 2302 3161 dass

263 3193 402 3247 Ovid
441 3211 544 3246 vose
584 3193 695 3246 und
734 3194 892 3247 verba
932 3195 1273 3248 celeberrima
1298 3197 1367 3248 im
1397 3197 1562 3250 Sinne
1588 3214 1691 3250 von
1723 3197 1937 3264 „h'aufig
1971 3197 2301 3264 gebrauchte

262 3282 478 3334 Worte“
541 3279 669 3349 (fast
709 3307 778 3322 =
820 3285 937 3337 Am.
990 3285 1080 3336 III.
1125 3284 1175 3349 7,
1221 3283 1305 3337 12.
1358 3285 1580 3350 publiea
1635 3283 1812 3354 verba)
1881 3293 2098 3353 gewagt
2151 3285 2297 3336 hat“.

261 3371 613 3424 Rectissime:
674 3371 1010 3424 celeberrima
1065 3373 1168 3425 hoc
1214 3374 1333 3426 loco
1374 3374 1516 3427 idem
1559 3374 1844 3442 significat,
1886 3375 2027 3441 quod
2068 3360 2297 3426 celebra-

261 3457 487 3518 tissima,
529 3452 565 3512 i.'
609 3477 654 3514 e.
700 3460 1020 3527 saepissime
1070 3462 1286 3543 usitata⁷
1343 3470 1400 3514 ut
1440 3463 1584 3530 apud
1626 3462 1735 3534 Cic.
1779 3463 1913 3516 Phil.
1956 3463 2020 3514 ΙΙ.
2061 3459 2150 3527 23,
2193 3462 2296 3517 57:

200 3535 205 3538 ”
265 3546 419 3611 „Scis
460 3565 543 3600 me
582 3549 637 3600 in
676 3549 838 3601 rebus
879 3548 1304 3602 celebratissimis
1344 3552 1575 3603 omnium
1617 3567 1863 3603 sermone
1903 3550 2159 3603 versari“.

1239 3769 1324 3811 123
