2462 4036
230 199 301 247 44
458 204 470 214 ”
936 240 944 250 ,
1051 197 1209 254 Gey'za
1240 198 1470 255 Nemethy

227 361 474 414 restituto
515 364 759 431 Agrippa
802 364 961 416 etiam
1017 363 1209 417 Ovidio
1263 364 1606 431 ignosceret:
1662 366 1697 418 i.
1726 383 1788 420 .e.
1837 372 1998 434 poeta
2037 365 2133 420 hoc
2171 367 2278 419 loeo
2310 395 2323 417 ι
2352 355 2353 358 “
2385 378 2390 383 ·
2429 351 2462 400 3²

140 519 143 522 ι
225 468 450 504 causam
491 469 648 504 suam
692 469 811 504 eum
851 469 1019 505 causa
1048 451 1328 521 Aqrippae
1369 451 1620 506 Postumi
1658 452 1774 520 ipse
1815 453 2114 523 coniuuyst,
2156 473 2275 509 cum

227 540 451 596 Fabium
495 558 592 608 pro
635 542 878 608 Agrippa
935 548 1194 594 mortuum
1256 549 1476 610 propter
1516 559 1575 594 se
1617 543 1884 596 occidisse
1932 544 2075 598 dicit.
2118 543 2278 612 Salus

225 629 390 696 igitur
454 637 648 698 poetae
706 648 737 681 a
797 630 972 682 salute
1035 631 1312 699 Agrippae
1378 631 1710 699 pependisse
1776 632 2089 699 Fabiusque
2153 642 2276 703 post

228 719 722 771 reconciliationem
763 719 852 772 avi
907 736 1025 772 cum
1083 728 1279 788 nepote
1335 721 1500 773 verba
1557 721 1700 789 apud
1753 723 2127 791 imperatorem
2184 739 2292 791 prov

225 807 426 860 Ovidio
467 809 649 861 facere
691 809 928 861 voluisse
970 806 1049 876 (cf
1086 826 1249 878 supra
1287 801 1662 879 vss.'9—'10.)
1706 811 1932 865 videtur.

404 913 605 966 Eodem
666 914 785 966 1060
842 930 919 966 vs.
983 914 1067 967 14.
1128 915 1492 983 corruptelam>
1548 916 1718 968 latere
1775 917 2022 984 suspicor
2075 924 2129 970 et
2183 933 2277 985 pro

222 999 461 1054 concidit
540 1002 883 1055 scribendum
965 1019 1194 1056 censeo:
1275 1007 1595 1072 constitit,
1659 1011 1716 1056 ut
1776 1005 2088 1058 restituatur
2150 1014 2276 1074 apta

226 1092 613 1143 sententiarum
658 1092 1005 1144 cohaerentia
1057 1093 1232 1146 hunce
1271 1094 1326 1145 in
1373 1094 1626 1146 modum:
1691 1095 1832 1157 „Iam
1887 1096 2049 1147 timeo
2103 1112 2276 1149 meam

225 1181 452 1233 salutem
497 1182 740 1248 cuiquam
786 1182 1075 1234 amicorum
1124 1185 1399 1247 mandare,
1457 1200 1524 1235 ne
1579 1184 1646 1235 iis
1702 1201 1942 1250 noceam,
1999 1192 2058 1235 ut
2109 1184 2277 1237 Fabio

223 1270 400 1331 nocui⁷
465 1288 619 1337 quem
685 1287 1017 1338 rogaveram,
1084 1280 1142 1322 ut
1205 1271 1331 1323 mihi
1393 1272 1647 1324 auxilium
1713 1273 1906 1325 ferret:
1986 1290 2109 1326 nam
2175 1273 2278 1326 hoc

222 1358 398 1426 ipsum
441 1360 692 1411 auxilium
739 1359 867 1411 mihi
905 1377 937 1411 a
978 1366 1029 1412 te
1082 1360 1262 1412 datum
1319 1365 1485 1412 morte
1542 1366 1654 1426 tua,
1687 1377 1742 1414 ·o
1797 1362 1950 1427 Fabi,
2006 1361 2299 1432 constitit

221 1447 385 1521 immo
415 1451 692 1516 Augustus
735 1465 966 1515 quoque,
997 1449 1320 1515 simulatque
1363 1450 1492 1500 mihi
1531 1451 1817 1516 ignoscere
1843 1452 2035 1520 coepit7
2063 1451 2275 1519 periit“.

223 1537 308 1590 Of.
353 1537 510 1590 Caes.
554 1538 690 1590 Bell.
736 1538 874 1591 Gall.
918 1538 1010 1589 IX.
1056 1538 1106 1603 7,
1153 1536 1254 1592 19:
1319 1538 1577 1604 „Edocet,
1620 1546 1820 1606 quanto
1863 1540 2184 1594 detrimento
2223 1525 2279 1594 ¹et

221 1634 352 1693 quot
408 1628 640 1679 virorum
697 1615 921 1679 'fortium
980 1632 1147 1680 morte
1202 1644 1432 1680 necesse
1500 1629 1569 1680 sit
1633 1635 1880 1682 constare
1943 1629 2279 1690 victorian1“.-

224 1716 495 1768 Auxilium
536 1725 716 1768 autem
760 1725 954 1784 poetae
996 1735 1027 1768 a
1067 1717 1239 1770 Fabio
1282 1717 1462 1769 datum
1507 1714 1622 1770 erat
1662 1719 2029 1771 reconciliatio
2050 1719 2281 1787 Augusti

220 1822 341 1857 611111
397 1806 657 1874 Agrippa.
718 1806 824 1858 Cur
880 1806 1113 1873 denique
1180 1807 1310 1858 dicit
1369 1805 1593 1859 Ovidius
1650 1824 1727 1859 vs,
1791 1806 1889 1860 15:
1975 1807 2277 1876 „Coeperat

221 1896 500 1962 Augustus
542 1895 804 1963 deceptae
845 1895 1132 1963 ignoscere
1174 1896 1365 1964 culpae
1384 1894 1448 1946 ⁶?“
1495 1895 1634 1957 Quia
1660 1897 1962 1986 Augttstupi
2002 1897 2276 1965 Agrippae

222 1984 328 2036 iam
369 1985 656 2051 ignoscere
713 1986 965 2053 coepisse
1020 1985 1240 2050 audivit,
1282 1985 1424 2037 unde
1481 2001 1599 2036 eum
1643 2001 1774 2052 erga
1815 2001 1874 2036 se
1915 2001 2128 2053 quoque
2169 1986 2274 2038 616-

219 2074 532 2126 mentiorem
584 2074 702 2126 fore
745 2074 1015 2142 sperabat.
1057 2073 1284 2128 Videtur
1323 2072 1495 2143 iyitur
1541 2072 1770 2127 Ovidius
1801 2092 1904 2140 per
1942 2063 2187 2128 Fabium
2225 2080 2274 2128 et

216 2161 496 2215 Marciam
539 2161 842 2229 coqnovissc
882 2162 1190 2232 Ayrippam
1230 2163 1553 2215 Postumum
1608 2159 1883 2230 fuisseque
1923 2162 2040 2216 eius
2079 2164 2268 2230 cultor,

216 2260 284 2317 et,
326 2269 447 2304 cum
506 2251 756 2321 Ayrippa
823 2251 965 2305 iram
1026 2252 1266 2322 Auyusti
1322 2252 1384 2305 in
1440 2270 1493 2305 se
1551 2252 1807 2318 vertisset,
1865 2253 1964 2306 hac
2030 2253 2274 2329 amicitia

220 2341 484 2395 inductus
551 2341 739 2408 fecisse
802 2362 920 2394 una
985 2362 1106 2396 eum
1169 2342 1295 2396 aliis
1351 2342 1631 2410 Ayrippae
1696 2327 1886 2396 enticis
1943 2362 2046 2410 pro
2101 2343 2275 2396 salute

220 2429 501 2498 Aqrippae
544 2432 648 2484 tale
688 2431 838 2498 quid,
870 2450 972 2498 quo
1014 2431 1157 2484 iram
1185 2431 1424 2501 Auyustz'
1464 2431 1526 2484 in
1566 2450 1620 2484 86
1661 2450 1867 2499 quoque
1909 2431 2077 2486 vertit.
2122 2435 2273 2486 Haec

215 2522 450 2588 exposui
490 2522 545 2574 in
589 2509 824 2575 editione
865 2523 1137 2575 Tristium.

399 2626 553 2679 Nunc
620 2635 799 2679 autem
864 2628 1094 2679 maxima
1161 2644 1278 2679 cum
1347 2626 1700 2679 admiratione
1756 2626 1914 2678 video
1969 2623 2033 2678 in
2088 2625 2271 2679 eadem

212 2714 451 2780 epistula
495 2713 665 2783 (Pont.
711 2717 797 2768 IV.
842 2715 915 2783 (3.)
974 2734 1039 2768 ex
1096 2717 1289 2769 litteris
1346 2716 1645 2768 initialibus
1701 2731 1954 2769 versuum
1995 2714 2046 2769 7.
2086 2712 2270 2769 3⁴16.

220 2802 306 2856 21.
345 2802 433 2858 29.
470 2803 559 2858 40.
591 2804 679 2858 47.
715 2803 804 2858 48.
844 2795 1097 2872 componi
1132 2822 1294 2873 posse
1337 2822 1556 2857 nomen:
1599 2806 1997 2859 Postumus.
2036 2804 2118 2856 En
2157 2803 2270 2869 tibi,

216 2893 462 2945 candide
494 2894 679 2958 lector,
724 2901 888 2946 totum
935 2911 1142 2962 poema,
1188 2902 1243 2945 ut
1283 2894 1526 2946 iudicare
1568 2893 1779 2961 possis:

400 3059 575 3118 Quam
616 3057 772 3123 legiS‚
817 3074 881 3108 ex
923 3058 1029 3108 illis
1071 3057 1168 3108 tibi
1211 3058 1358 3109 venit
1399 3057 1650 3124 epistula,
1693 3056 1875 3118 Brute,
2006 3037 2037 3060 ³

471 3146 740 3198 Nasonem
786 3147 959 3198 nolles
1000 3148 1051 3198 in
1095 3146 1288 3211 quibus
1331 3163 1453 3198 esse
1493 3145 1644 3197 locis.

399 3234 509 3288 Sed
553 3245 606 3289 tu
650 3237 790 3303 quod
836 3236 1025 3300 noIIOS,
1069 3237 1237 3287 voluit
1280 3235 1586 3288 miserabile
1628 3235 1815 3287 fatum.

472 3326 536 3378 Ei
580 3326 737 3378 mihi!
782 3326 902 3394 plus
944 3325 1092 3389 illud,
1136 3343 1293 3391 quam
1337 3331 1427 3376 tua
1467 3331 1607 3383 vota,
1652 3323 1812 3376 valet.

394 3414 453 3466 In
498 3414 717 3482 Scythia
760 3413 915 3466 nobis
959 3414 1317 3479 quinquennis
1360 3413 1638 3480 Olympias
1679 3419 1800 3464 acta
1842 3418 1946 3463 est:

473 3502 583 3554 Iam
627 3509 837 3569 tempus
881 3502 1034 3552 lustri
1076 3501 1267 3553 transit
1306 3502 1356 3552 in
1402 3501 1641 3553 ulterius.

407 3593 630 3642 Perstat
670 3591 813 3642 enim
857 3590 1070 3641 fortuna
1112 3597 1272 3640 tenax
1314 3590 1560 3654 votisque
1603 3587 1893 3655 malignum

483 3679 726 3747 Opponit
767 3679 961 3730 nostris
1004 3678 1264 3730 insidiosa
1307 3677 1514 3744 pedem.

1200 3809 1285 3852 154
