2462 4036
1128 194 1374 251 Appendix

400 356 590 411 Certus
632 360 751 410 era's
794 375 887 426 pro
929 374 1027 424 me,
1073 358 1272 411 Fabiae
1313 358 1420 424 lux,
1462 360 1713 425 Maxime,
1760 362 1956 428 gentiS,

471 447 679 499 Numen
722 446 789 498 ad
831 440 1130 513 Augustum
1174 440 1594 514 supplice‘voce
1635 449 1799 515 loqui.

401 535 616 588 Occidis
657 543 782 588 ante
822 552 1014 602 preces
1055 551 1385 602 causamque
1427 552 1546 602 ego,
1590 536 1835 603 Maxime,
1877 539 2061 590 mortis
2103 568 2172 574 --

474 623 586 676 Nec
626 624 832 676 fueram
873 624 1006 675 tanti
1048 652 1116 659 --
1159 641 1242 676 me
1284 640 1403 675 reor
1443 640 1566 676 6666
1607 632 1746 677 tuae.

396 714 507 766 Iam
548 713 708 764 1111160
750 720 987 765 nostram
1032 713 1277 779 cuiquam
1324 714 1581 765 mandare
1623 714 1884 767 salutem:
1944 783 1947 785 -

474 802 653 869 Ipsum
697 809 864 854 morte
906 809 998 854 tua
1039 795 1274 854 concidit
1314 803 1586 855 alixilium.

310 880 355 919 ³5
397 890 664 957 Coeperat
703 893 980 957 Augustus
1022 891 1301 958 deceptae*
1326 891 1610 958 ignoscere
1654 893 1878 960 culpae:

472 981 636 1047 Spem
678 987 914 1032 nostram
954 968 1125 1031 terras
1166 980 1510 1046 deseruitque
1551 981 1722 1035 simul.

400 1068 569 1130 Quale
610 1077 789 1120 tamen
831 1068 994 1136 potui,
1039 1068 1105 1120 de
1147 1069 1356 1134 caelite,
1399 1069 1581 1133 Brute,
1623 1071 1827 1121 recenti

470 1157 663 1209 Vestra
704 1158 889 1224 procul
932 1157 1138 1224 positus
1181 1175 1395 1209 carmen
1438 1158 1491 1208 in
1534 1175 1626 1210 ora
1668 1158 1808 1210 dedi.

399 1247 548 1308 Quae
591 1248 761 1314 prosit
798 1246 972 1313 pietas
1014 1247 1216 1297 utinam
1260 1246 1387 1297 mihi
1428 1247 1602 1312 sitque
1643 1247 1898 1299 malorum

466 1336 577 1387 Iam
620 1335 809 1387 modus
851 1345 904 1387 et
944 1351 1131 1387 sacrae
1172 1335 1346 1386 mitior
1384 1335 1462 1385 ira
1504 1335 1724 1386 domus!

367 1427 450 1477 Te
493 1441 704 1491 quoque
744 1424 886 1476 idem
927 1424 1132 1491 liquido
1175 1440 1392 1491 possum
1436 1424 1613 1475 iurare
1653 1425 1879 1491 precari,
1927 1431 1929 1433 ’

472 1513 514 1566 Ο
557 1514 686 1565 1111111
727 1531 830 1565 non
874 1513 1037 1565 dubia
1079 1514 1295 1579 cognite
1336 1513 1500 1564 Brute
1540 1519 1684 1565 nota.

396 1604 529 1655 Nam
574 1593 691 1654 cum
732 1590 1065 1669 praestiteris
1098 1618 1278 1654 verum
1322 1600 1448 1652 mihi
1489 1618 1699 1669 semper
1739 1619 1989 1667 amorem,

470 1692 569 1755 Hic
608 1698 787 1743 tamen
829 1691 1060 1743 adverso
1101 1698 1338 1758 tempore
1379 1691 1546 1742 crevit
1584 1708 1764 1755 amor,

246 1801 250 1810 *
311 1780 354 1810 '³⁵
399 1781 606 1848 Quique
647 1788 768 1832 tuas
810 1780 1009 1848 pariter
1048 1780 1298 1831 lacrimas
1340 1778 1663 1845 nostrasque
1705 1780 1926 1845 videret,
1977 1779 1979 1781 ’

423 1897 425 1899 v
468 1870 734 1922 Passuros
775 1886 1005 1937 poenam
1049 1868 1294 1920 crederet
1335 1885 1458 1920 esse
1501 1869 1653 1921 duos,

390 1960 592 2011 Lenem
632 1966 685 2010 te
727 1958 937 2010 miseris
978 1958 1164 2024 genuit
1203 1965 1395 2009 natura
1435 1975 1535 2009 nec
1575 1958 1670 2009 11111

464 2048 644 2099 Μ111116
683 2048 972 2114 ingenium,
1018 2063 1173 2112 quam
1214 2046 1331 2111 tibi,
1368 2047 1549 2111 Brute,
1592 2046 1769 2099 dedit:

399 2139 471 2189 Ut
511 2136 617 2202 qui,
662 2136 790 2203 quid
830 2137 1033 2201 valcas,
1075 2136 1299 2202 ignoret,
1344 2135 1510 2187 Marte
1551 2135 1771 2201 forensi,

428 2226 634 2277 ·Posse
674 2232 764 2276 tuo
806 2225 991 2292 peragi
1032 2225 1117 2276 vix
1159 2231 1310 2291 putet
1350 2238 1440 2276 ore
1480 2241 1619 2277 1606.

392 2313 610 2366 Scilicet
650 2314 892 2365 eiusdem
935 2321 1033 2378 est,
1078 2314 1321 2378 quamvis
1362 2330 1602 2380 pugnare
1644 2312 1910 2374 videntur,

466 2401 814 2470 Supplicibus
854 2402 1089 2466 facilem,
1135 2402 1380 2453 sontibus
1421 2418 1544 2453 esse
1585 2410 1804 2454 trucem.

342 2545 349 2552 ,
393 2491 524 2543 Cum
565 2492 661 2543 tibi
703 2498 957 2558 suscepta
998 2498 1080 2542 est
1119 2491 1258 2556 legis
1299 2490 1537 2542 vindicta
1579 2507 1820 2555 severae,

467 2579 643 2632 Verba
682 2579 829 2631 velut
868 2580 1087 2631 tinctum
1132 2580 1344 2646 singula
1383 2579 1527 2631 virus
1569 2580 1784 2631 habent.

310 2666 355 2697 35
396 2668 656 2720 Hostibus
698 2668 926 2732 eveniat,
969 2683 1127 2733 quam
1171 2668 1245 2718 sis
1286 2668 1555 2719 violentus
1594 2668 1649 2719 in
1690 2668 1867 2733 armis,

463 2756 672 2809 Seutire
713 2763 766 2807 et
806 2756 1021 2822 linguae
1063 2756 1171 2807 tela
1214 2755 1395 2808 subire
1438 2764 1581 2808 tuae.

391 2845 540 2907 Quae
581 2846 678 2899 tibi
718 2853 826 2908 tam
867 2845 1015 2895 tenui
1057 2861 1184 2896 cura
1223 2845 1490 2910 limantur,
1534 2852 1591 2896 ut
1631 2861 1819 2897 omnes

465 2934 626 2986 Istius
666 2933 940 3000 ingenium
983 2933 1222 3000 corporis
1264 2950 1388 2985 esse
1429 2941 1646 3001 negent.

397 3024 458 3074 At
497 3023 545 3073 si
585 3038 739 3088 quem
781 3021 925 3073 laedi
966 3022 1181 3073 fortuna
1223 3022 1400 3073 cernis
1439 3022 1641 3088 iniqua,

299 3108 346 3139 4⁰
408 3111 430 3117 “
462 3111 697 3162 Mollior
736 3117 821 3162 est
860 3111 1036 3162 animo
1077 3110 1277 3161 femina
1316 3110 1464 3162 nulla
1504 3119 1613 3163 tu0.

391 3199 507 3251 Hoc
547 3215 649 3266 ego
690 3200 981 3266 praecipue
1024 3201 1190 3264 sensi,
1231 3215 1348 3251 cum
1392 3216 1589 3266 magna
1630 3216 1864 3252 meorum

470 3289 719 3341 Notitiam
762 3305 886 3356 pars
927 3297 1012 3341 est
1050 3288 1279 3340 infitiata
1320 3289 1439 3341 mei.

387 3377 668 3428 Immemor
704 3376 931 3442 illorum,
972 3378 1139 3429 vestri
1178 3393 1285 3428 non
1325 3377 1600 3428 immemor
1639 3393 1907 3443 umquam,

462 3464 564 3526 Qui
603 3466 743 3517 mala
785 3465 1000 3517 solliciti
1043 3472 1226 3517 nostra
1265 3466 1473 3530 levatiS,
1517 3482 1626 3517 ero.

299 3552 344 3582 ⁴⁵
384 3555 451 3606 Et
490 3554 636 3620 prius
676 3554 763 3605 hic
804 3554 1022 3605 nimium
1064 3554 1220 3606 nobis
1261 3555 1625 3607 conterminus
1667 3555 1847 3606 Hister

460 3642 521 3692 In
562 3648 722 3709 caput
760 3642 967 3693 Euxino
1009 3642 1076 3693 de
1117 3658 1260 3694 mare
1301 3650 1472 3696 vertet
1509 3643 1625 3708 iter,

313 443 355 475 10

306 1333 351 1364 ‘20

303 2222 348 2251 30

1187 3773 1271 3814 155

2192 202 2260 249 45
