2430 4022
796 152 1175 220 Supplementum
1208 165 1635 208 commentariorum
1819 219 1821 221 Ι
2171 168 2235 216 19

0 317 10 414 '3'
158 351 162 353 -
195 301 291 396 „er
330 337 486 398 mega
526 329 606 382 ais
647 329 948 382 Herrscher
987 328 1084 381 der
1123 329 1267 381 Welt
1307 303 1621 396 die'Ziigel,
1664 329 1750 380 die
1803 329 1910 380 ihm
1968 329 2239 382 bestimmt

192 418 333 479 sind,
393 418 718 487 ergreifen“.
785 416 894 470 Sed
952 416 1174 470 habenis
1233 417 1509 470 succedere
1569 441 1637 456 Ξ
1697 415 1878 469 subire
1941 415 2060 484 (auf
2121 419 2237 470 sich

192 504 447 574 nehmen)
486 508 532 560 is
572 514 779 559 tantum
821 507 927 566 dici
969 514 1162 573 potest,
1206 506 1295 573 qui
1336 505 1563 558 habenis
1591 522 1649 558 se
1680 505 1890 570 subicit,
1919 507 2010 572 qui
2035 507 2239 573 regitur

193 595 441 662 habenis,
484 613 590 648 non
621 597 710 662 qui
735 595 904 662 regit3
946 597 992 647 is
1022 595 1179 660 enim,
1210 596 1300 660 qui
1323 595 1464 662 regit
1488 594 1748 661 habenas,
1777 594 1969 647 'dicitur
1996 595 2238 648 habenas
2302 660 2307 663 .

192 683 445 750 accipere,
488 701 707 750 capere;
748 683 816 736 cf.
861 683 957 736 Ov.
1002 684 1124 737 Met.
1166 684 1281 736 XV.
1311 683 1414 737 41:
1463 682 1773 750 „Accepisse
1799 671 2023 736 Numam
2057 685 2239 752 populi

191 771 416 825 Latialis
474 773 782 836 habenas“,·
841 775 987 826 Fast.
1049 774 1087 826 I.
1146 771 1247 827 25:
1315 773 1482 837 „vatis
1542 790 1670 840 rege
1731 780 1882 826 vates
1938 774 2236 828 habenas“.

190 856 456 930 ‘Ponenda
496 869 579 915 est
615 863 779 930 igitur
819 863 988 915 altera
1042 862 1191 916 verbi
1238 862 1514 915 succedere
1555 862 1893 930 significatio,
1937 880 2074 929 quae
2123 870 2236 915 est:

191 949 376 1003 vicarii
418 958 510 1003 aut
549 951 760 1004 heredis
799 952 917 1004 loco
973 952 1135 1004 alicui
1188 951 1394 1003 muneri
1449 951 1774 1015 succedere3
1835 950 1903 1003 cf.
1963 951 2070 1003 Cic.
2128 954 2235 1005 Att.

190 1038 278 1092 IV.
303 1036 390 1104 37,
411 1038 479 1094 81
505 1059 515 1092 :
563 1041 978 1106 „succedamque
1019 1057 1120 1107 ego
1149 1040 1382 1092 vicarius
1405 1038 1621 1092 anteneri
1647 1041 1768 1092 tuo“
1793 1058 1804 1105 3
1845 1041 2042 1093 Justiu.
2069 1041 2236 1095 XVII.

192 1127 242 1190 3,
287 1127 352 1183 6:
401 1123 555 1197 ,post
580 1129 696 1182 eius
724 1137 939 1181 mortem
970 1130 1139 1187 frater
1164 1146 1332 1196 reguo
1373 1127 1676 1187 suecessw,
1720 1130 1754 1182 i.
1797 1123 1842 1182 e'.
1885 1129 2045 1182 heres
2086 1131 2239 1197 regni

191 1217 369 1271 factus
411 1225 508 1271 est.
550 1219 694 1286 Ergo
737 1218 1035 1278 sententia:
1086 1218 1334 1271 succedat
1372 1217 1488 1270 suis
1535 1216 1760 1271 habenis
1814 1219 1888 1270 ita
1940 1224 2023 1270 est
2075 1219 2237 1271 inter-

191 1306 484 1374 pretanda:
533 1307 921 1371 „Germanicus
964 1308 1031 1359 sit
1070 1315 1193 1375 post
1232 1314 1454 1359 mortem
1495 1307 1696 1359 Tiberii
1734 1324 2002 1359 successor
2025 1305 2238 1374 imperii

0 1357 2 1359 >
87 1396 91 1398 ’
189 1393 298 1448 sibi
321 1394 540 1449 debitffl.
570 1396 652 1448 Ad
679 1413 758 1449 VS.
786 1395 888 1450 75:
936 1395 1113 1458 „orbis
1153 1396 1457 1448 moderator
1496 1396 1755 1462 habenis“
1803 1396 1870 1449 cf.
1913 1396 2106 1449 Tibull.
2148 1397 2235 1450 IV.

193 1482 242 1548 1,
302 1483 439 1553 115:
503 1485 838 1561 „validisque
895 1485 1048 1538 sedet
1102 1485 1405 1538 moderator
1458 1484 1712 1537 habenis“
1783 1492 1835 1537 et
1889 1485 2101 1538 Lucret.
2170 1486 2235 1539 ΙΙ.

194 1570 591 1628 1095—1906:
628 1560 792 1638 „Q‘uis
819 1590 1008 1641 regere
1036 1574 1283 1625 immensi
1312 1591 1587 1639 summam,
1618 1575 1736 1640 quis
1763 1574 1962 1626 habere
1984 1575 2239 1642 profundi

190 1661 325 1713 Indu
366 1680 527 1715 manu
566 1664 778 1717 validas
819 1665 958 1732 potis
1000 1672 1083 1718 est
1121 1665 1462 1717 moderanter
1500 1663 1789 1718 habenas“.
2186 1673 2191 1678 ’

1080 1871 1356 1924 XXXVII.

370 2012 529 2069 Pont.
571 2017 637 2070 II.
679 2014 730 2083 6,
772 2015 996 2071 23-24
1036 2013 1124 2084 (de
1165 2018 1249 2084 iis,
1295 2019 1383 2085 qui
1423 2019 1627 2071 amicos
1667 2019 1719 2070 in
1774 2018 1937 2071 rebus
1992 2019 2235 2074 adversis

90 2149 93 2153 ⁴
188 2102 469 2172 deserunt)
494 2123 504 2156 ε

369 2223 549 2291 Turpe
591 2224 744 2290 sequi
786 2241 970 2277 casum
1013 2231 1066 2276 et
1105 2217 1354 2277 fortunae
1395 2224 1574 2277 cedere
1613 2225 1838 2278 amicum

442 2313 511 2364 Et
548 2313 654 2365 nisi
695 2313 764 2365 sit
802 2313 948 2379 felix,
992 2330 1115 2366 esse
1156 2331 1357 2380 negare
1402 2330 1570 2367 suum.

371 2444 653 2519 Fortunae
692 2446 870 2498 cedere
911 2445 1143 2499 amicum
1172 2447 1417 2499 hocloco
1446 2447 1744 2513 significat:
1788 2447 2032 2500 fortunae
2063 2449 2236 2501 minus

189 2548 483 2600 prosperae
521 2526 827 2600 permittere
856 2532 1144 2602 (tamquam
1175 2532 1407 2603 tradere)
1437 2536 1662 2587 amicum
1693 2552 1845 2587 suum
1876 2537 1992 2589 sine
2020 2537 2233 2590 auxilio.

189 2619 272 2673 Of.
317 2621 411 2674 Cic
469 2621 600 2675 Sull.
641 2620 745 2676 46:
796 2623 1070 2689 „permitto
1113 2623 1317 2690 aliquid
1364 2623 1676 2676 iracundiae
1716 2631 1859 2691 tuae,
1903 2625 1970 2677 do
2022 2626 2236 2678 adules-

187 2711 416 2776 centiae,
460 2711 582 2764 cedo
622 2712 906 2775 amicitiae,
947 2713 1122 2765 tribuo
1163 2713 1428 2780 parenti“.

278 2964 281 2967 .
1065 2918 1364 2970 XXXVIII.

369 2991 522 3044 Pont.
562 2991 628 3046 ΙΙ.
670 2991 721 3056 7,
767 2988 941 3045 1-3;

371 3123 509 3175 Esse
551 3123 836 3176 salutatum
879 3124 992 3176 vult
1034 3131 1084 3176 te
1126 3142 1246 3176 mea
1284 3124 1462 3178 littera
1500 3126 1725 3194 primum

444 3213 489 3262 A
530 3211 667 3263 male
707 3213 934 3279 pacatiS,
978 3213 1170 3277 Attice,
1215 3214 1380 3266 missa
1421 3214 1590 3268 Getis

372 3300 621 3352 Proxima
661 3300 1022 3366 subsequitur,
1067 3301 1194 3368 quid
1233 3319 1384 3369 agaS,
1428 3303 1614 3356 audire
1656 3302 1919 3370 voluptas.
1988 3298 1991 3302 ’

367 3443 479 3499 Pro
500 3446 744 3512 voluptas
763 3463 881 3499 cum
899 3447 1085 3500 codice
1103 3449 1549 3516 Argentoratensi
1567 3458 1620 3503 et
1642 3451 1891 3504 Gothano
1914 3451 2231 3505 voluntas

193 3533 532 3587 scribendum
600 3550 722 3587 esse
786 3543 973 3588 censet
1033 3537 1262 3590 Ehwald
1328 3535 1494 3606 (Krit.
1563 3538 1733 3591 Beitr.
1792 3556 1841 3607 p.
1900 3535 2028 3607 56),
2088 3538 2232 3604 quod

193 3623 466 3688 postulare
505 3623 716 3676 videtur
755 3623 916 3676 etiam
957 3625 1071 3677 vult
1110 3642 1188 3680 vs,
1234 3626 1280 3680 1.

1170 3757 1255 3799 129
1375 3810 1381 3816 ,
1995 3758 2050 3799 2*
