<?xml version="1.0" encoding="UTF-8"?>
<!DOCTYPE html PUBLIC "-//W3C//DTD XHTML 1.0 Transitional//EN"
    "http://www.w3.org/TR/xhtml1/DTD/xhtml1-transitional.dtd">
<html xmlns="http://www.w3.org/1999/xhtml" xml:lang="en" lang="en">
 <head>
  <title>
</title>
<meta http-equiv="Content-Type" content="text/html;charset=utf-8" />
  <meta name='ocr-system' content='tesseract 3.04.00' />
  <meta name='ocr-capabilities' content='ocr_page ocr_carea ocr_par ocr_line ocrx_word'/>
</head>
<body>
  <div class='ocr_page' id='page_1' title='image "./supplementumcomm00nmuoft_0047.png"; bbox 0 0 2462 4036; ppageno 0'>
   <div class='ocr_carea' id='block_1_1' title="bbox 0 0 191 136">
    <p class='ocr_par' dir='ltr' id='par_1_1' title="bbox 0 0 191 136">
     <span class='ocr_line' id='line_1_1' title="bbox 0 0 191 136; baseline 0 3900"><span class='ocrx_word' id='word_1_1' title='bbox 0 0 191 136; x_wconf 95' lang='lat' dir='ltr'> </span> 
     </span>
    </p>
   </div>
   <div class='ocr_carea' id='block_1_2' title="bbox 1003 886 1454 1006">
    <p class='ocr_par' dir='ltr' id='par_1_2' title="bbox 1003 886 1454 1006">
     <span class='ocr_line' id='line_1_2' title="bbox 1003 886 1454 1006; baseline -0.007 -20"><span class='ocrx_word' id='word_1_2' title='bbox 1003 886 1454 1006; x_wconf 77' lang='lat' dir='ltr'>Appendix.</span> 
     </span>
    </p>
   </div>
   <div class='ocr_carea' id='block_1_3' title="bbox 700 1208 1749 1285">
    <p class='ocr_par' dir='ltr' id='par_1_3' title="bbox 700 1208 1749 1285">
     <span class='ocr_line' id='line_1_3' title="bbox 700 1208 1749 1285; baseline -0.001 -17"><span class='ocrx_word' id='word_1_3' title='bbox 700 1208 747 1268; x_wconf 95' lang='grc' dir='ltr'>Ι.</span> <span class='ocrx_word' id='word_1_4' title='bbox 799 1208 903 1268; x_wconf 90' lang='lat' dir='ltr'>Ad</span> <span class='ocrx_word' id='word_1_5' title='bbox 955 1226 1230 1268; x_wconf 85' lang='lat' dir='ltr'>causam</span> <span class='ocrx_word' id='word_1_6' title='bbox 1280 1208 1749 1285; x_wconf 78' lang='lat' dir='ltr'>relegationis,</span> 
     </span>
    </p>
   </div>
   <div class='ocr_carea' id='block_1_4' title="bbox 206 1347 2263 2224">
    <p class='ocr_par' dir='ltr' id='par_1_4' title="bbox 214 1347 2257 1518">
     <span class='ocr_line' id='line_1_4' title="bbox 385 1347 2257 1422; baseline -0.002 -12"><span class='ocrx_word' id='word_1_7' title='bbox 385 1358 446 1410; x_wconf 91' lang='lat' dir='ltr'>In</span> <span class='ocrx_word' id='word_1_8' title='bbox 486 1356 868 1410; x_wconf 89' lang='lat' dir='ltr'>commentario</span> <span class='ocrx_word' id='word_1_9' title='bbox 925 1371 1042 1407; x_wconf 90' lang='lat' dir='ltr'>meo</span> <span class='ocrx_word' id='word_1_10' title='bbox 1079 1355 1153 1406; x_wconf 67' lang='lat' dir='ltr'>&#39;ad</span> <span class='ocrx_word' id='word_1_11' title='bbox 1193 1347 1391 1407; x_wconf 88' lang='lat' dir='ltr'>Tristia</span> <span class='ocrx_word' id='word_1_12' title='bbox 1432 1355 1499 1408; x_wconf 92' lang='lat' dir='ltr'>de</span> <span class='ocrx_word' id='word_1_13' title='bbox 1542 1371 1708 1408; x_wconf 90' lang='lat' dir='ltr'>causa</span> <span class='ocrx_word' id='word_1_14' title='bbox 1751 1355 2101 1422; x_wconf 75' lang='lat' dir='ltr'>relegationis</span> <span class='ocrx_word' id='word_1_15' title='bbox 2145 1354 2257 1406; x_wconf 88' lang='lat' dir='ltr'>dis-</span> 
     </span>
     <span class='ocr_line' id='line_1_5' title="bbox 214 1441 2257 1518; baseline -0.002 -17"><span class='ocrx_word' id='word_1_16' title='bbox 214 1457 408 1518; x_wconf 83' lang='lat' dir='ltr'>putans</span> <span class='ocrx_word' id='word_1_17' title='bbox 451 1443 521 1514; x_wconf 88' lang='lat' dir='ltr'>(p.</span> <span class='ocrx_word' id='word_1_18' title='bbox 567 1444 689 1499; x_wconf 79' lang='lat'>135.</span> <span class='ocrx_word' id='word_1_19' title='bbox 735 1442 873 1512; x_wconf 86' lang='lat' dir='ltr'>sqq.)</span> <span class='ocrx_word' id='word_1_20' title='bbox 928 1445 1065 1496; x_wconf 92' lang='lat' dir='ltr'>haec</span> <span class='ocrx_word' id='word_1_21' title='bbox 1105 1444 1220 1496; x_wconf 87' lang='lat' dir='ltr'>fere</span> <span class='ocrx_word' id='word_1_22' title='bbox 1262 1444 1454 1511; x_wconf 78' lang='lat' dir='ltr'>scripsi</span> <span class='ocrx_word' id='word_1_23' title='bbox 1496 1444 1563 1497; x_wconf 92' lang='lat' dir='ltr'>de</span> <span class='ocrx_word' id='word_1_24' title='bbox 1603 1445 1755 1497; x_wconf 88' lang='lat' dir='ltr'>Pont.</span> <span class='ocrx_word' id='word_1_25' title='bbox 1813 1445 1900 1498; x_wconf 89' lang='lat' dir='ltr'>IV.</span> <span class='ocrx_word' id='word_1_26' title='bbox 1943 1443 1993 1510; x_wconf 81' lang='lat'>6,</span> <span class='ocrx_word' id='word_1_27' title='bbox 2035 1441 2257 1497; x_wconf 66' lang='lat'>9—162</span> 
     </span>
    </p>

    <p class='ocr_par' dir='ltr' id='par_1_5' title="bbox 206 1532 2263 2224">
     <span class='ocr_line' id='line_1_6' title="bbox 344 1532 2263 1601; baseline -0.002 -13"><span class='ocrx_word' id='word_1_28' title='bbox 344 1590 345 1593; x_wconf 65' lang='grc'>,</span> <span class='ocrx_word' id='word_1_29' title='bbox 384 1535 586 1588; x_wconf 80' lang='lat' dir='ltr'>Fabius</span> <span class='ocrx_word' id='word_1_30' title='bbox 626 1535 908 1601; x_wconf 77' lang='lat' dir='ltr'>Maximus,</span> <span class='ocrx_word' id='word_1_31' title='bbox 953 1534 1142 1585; x_wconf 92' lang='lat' dir='ltr'>consul</span> <span class='ocrx_word' id='word_1_32' title='bbox 1183 1550 1230 1584; x_wconf 90' lang='lat' dir='ltr'>a.</span> <span class='ocrx_word' id='word_1_33' title='bbox 1273 1549 1320 1583; x_wconf 90' lang='lat' dir='ltr'>a.</span> <span class='ocrx_word' id='word_1_34' title='bbox 1380 1532 1504 1586; x_wconf 81' lang='lat' dir='ltr'>Chr.</span> <span class='ocrx_word' id='word_1_35' title='bbox 1547 1550 1597 1585; x_wconf 88' lang='lat' dir='ltr'>n.</span> <span class='ocrx_word' id='word_1_36' title='bbox 1646 1532 1728 1586; x_wconf 90' lang='grc'>11.</span> <span class='ocrx_word' id='word_1_37' title='bbox 1773 1539 1824 1585; x_wconf 92' lang='lat' dir='ltr'>et</span> <span class='ocrx_word' id='word_1_38' title='bbox 1864 1533 2080 1595; x_wconf 72' lang='lat' dir='ltr'>Marcia,</span> <span class='ocrx_word' id='word_1_39' title='bbox 2122 1550 2263 1585; x_wconf 57' lang='lat' dir='ltr'>uxor⁴</span> 
     </span>
     <span class='ocr_line' id='line_1_7' title="bbox 209 1618 2253 1691; baseline -0.003 -13"><span class='ocrx_word' id='word_1_40' title='bbox 209 1626 379 1687; x_wconf 86' lang='lat' dir='ltr'>Fabii,</span> <span class='ocrx_word' id='word_1_41' title='bbox 422 1626 638 1677; x_wconf 89' lang='lat' dir='ltr'>fuerunt</span> <span class='ocrx_word' id='word_1_42' title='bbox 692 1624 914 1691; x_wconf 54' lang='lat' dir='ltr'>patroni*</span> <span class='ocrx_word' id='word_1_43' title='bbox 946 1622 1123 1675; x_wconf 88' lang='lat' dir='ltr'>Ovidii</span> <span class='ocrx_word' id='word_1_44' title='bbox 1164 1630 1217 1674; x_wconf 86' lang='lat' dir='ltr'>et</span> <span class='ocrx_word' id='word_1_45' title='bbox 1256 1623 1437 1674; x_wconf 83' lang='lat' dir='ltr'>uxoris</span> <span class='ocrx_word' id='word_1_46' title='bbox 1479 1618 1618 1674; x_wconf 75' lang='lat' dir='ltr'>eius.¹</span> <span class='ocrx_word' id='word_1_47' title='bbox 1672 1620 1849 1683; x_wconf 76' lang='lat' dir='ltr'>Quare</span> <span class='ocrx_word' id='word_1_48' title='bbox 1889 1629 2066 1689; x_wconf 49' lang='lat' dir='ltr'>poeta&#39;</span> <span class='ocrx_word' id='word_1_49' title='bbox 2110 1629 2253 1688; x_wconf 89' lang='lat' dir='ltr'>post-</span> 
     </span>
     <span class='ocr_line' id='line_1_8' title="bbox 208 1706 2260 1782; baseline -0.001 -15"><span class='ocrx_word' id='word_1_50' title='bbox 208 1731 367 1782; x_wconf 90' lang='lat' dir='ltr'>quam</span> <span class='ocrx_word' id='word_1_51' title='bbox 406 1715 679 1781; x_wconf 87' lang='lat' dir='ltr'>relegatus</span> <span class='ocrx_word' id='word_1_52' title='bbox 706 1719 804 1778; x_wconf 76' lang='lat' dir='ltr'>est,</span> <span class='ocrx_word' id='word_1_53' title='bbox 847 1730 879 1764; x_wconf 90' lang='lat' dir='ltr'>a</span> <span class='ocrx_word' id='word_1_54' title='bbox 899 1706 1074 1764; x_wconf 61' lang='lat' dir='ltr'>‘Fabio</span> <span class='ocrx_word' id='word_1_55' title='bbox 1102 1711 1441 1779; x_wconf 85' lang='lat' dir='ltr'>potissimum</span> <span class='ocrx_word' id='word_1_56' title='bbox 1471 1711 1726 1778; x_wconf 78' lang='lat' dir='ltr'>sperabat</span> <span class='ocrx_word' id='word_1_57' title='bbox 1752 1712 1976 1763; x_wconf 87' lang='lat' dir='ltr'>salutem</span> <span class='ocrx_word' id='word_1_58' title='bbox 2004 1712 2260 1778; x_wconf 89' lang='lat' dir='ltr'>misitque·</span> 
     </span>
     <span class='ocr_line' id='line_1_9' title="bbox 206 1799 2257 1868; baseline -0.003 -12"><span class='ocrx_word' id='word_1_59' title='bbox 206 1803 277 1857; x_wconf 90' lang='lat' dir='ltr'>ad</span> <span class='ocrx_word' id='word_1_60' title='bbox 319 1821 437 1856; x_wconf 90' lang='lat' dir='ltr'>eum</span> <span class='ocrx_word' id='word_1_61' title='bbox 480 1803 615 1855; x_wconf 91' lang='lat' dir='ltr'>duas</span> <span class='ocrx_word' id='word_1_62' title='bbox 668 1802 878 1854; x_wconf 77' lang='lat' dir='ltr'>litteras</span> <span class='ocrx_word' id='word_1_63' title='bbox 918 1801 1173 1852; x_wconf 81' lang='lat' dir='ltr'>auxilium</span> <span class='ocrx_word' id='word_1_64' title='bbox 1230 1801 1540 1868; x_wconf 72' lang='lat' dir='ltr'>implorans7</span> <span class='ocrx_word' id='word_1_65' title='bbox 1598 1802 1751 1853; x_wconf 90' lang='lat' dir='ltr'>Pont.</span> <span class='ocrx_word' id='word_1_66' title='bbox 1795 1802 1831 1853; x_wconf 92' lang='grc' dir='ltr'>Ι.</span> <span class='ocrx_word' id='word_1_67' title='bbox 1875 1799 1925 1854; x_wconf 71' lang='lat'>2.</span> <span class='ocrx_word' id='word_1_68' title='bbox 1969 1808 2022 1852; x_wconf 91' lang='lat' dir='ltr'>et</span> <span class='ocrx_word' id='word_1_69' title='bbox 2067 1801 2158 1853; x_wconf 90' lang='grc' dir='ltr'>ΠΙ.</span> <span class='ocrx_word' id='word_1_70' title='bbox 2200 1799 2257 1855; x_wconf 84' lang='grc'>9..</span> 
     </span>
     <span class='ocr_line' id='line_1_10' title="bbox 206 1889 2253 1958; baseline -0.002 -13"><span class='ocrx_word' id='word_1_71' title='bbox 206 1893 404 1945; x_wconf 82' lang='lat' dir='ltr'>Postea</span> <span class='ocrx_word' id='word_1_72' title='bbox 445 1892 512 1944; x_wconf 87' lang='lat' dir='ltr'>de</span> <span class='ocrx_word' id='word_1_73' title='bbox 552 1898 719 1944; x_wconf 90' lang='lat' dir='ltr'>morte</span> <span class='ocrx_word' id='word_1_74' title='bbox 776 1890 986 1958; x_wconf 86' lang='lat' dir='ltr'>patroni</span> <span class='ocrx_word' id='word_1_75' title='bbox 1045 1890 1242 1942; x_wconf 75' lang='lat' dir='ltr'>certior</span> <span class='ocrx_word' id='word_1_76' title='bbox 1295 1889 1474 1941; x_wconf 85' lang='lat' dir='ltr'>factus</span> <span class='ocrx_word' id='word_1_77' title='bbox 1532 1889 1748 1956; x_wconf 80' lang='lat' dir='ltr'>scripsit</span> <span class='ocrx_word' id='word_1_78' title='bbox 1803 1889 1963 1942; x_wconf 76' lang='lat' dir='ltr'>Pont.</span> <span class='ocrx_word' id='word_1_79' title='bbox 2021 1889 2121 1942; x_wconf 88' lang='lat' dir='ltr'>IV.</span> <span class='ocrx_word' id='word_1_80' title='bbox 2182 1889 2253 1954; x_wconf 59' lang='lat'>6„</span> 
     </span>
     <span class='ocr_line' id='line_1_11' title="bbox 209 1976 2263 2046; baseline -0.002 -12"><span class='ocrx_word' id='word_1_81' title='bbox 209 1979 363 2034; x_wconf 73' lang='lat' dir='ltr'>euius</span> <span class='ocrx_word' id='word_1_82' title='bbox 385 1986 530 2034; x_wconf 66' lang='lat' dir='ltr'>‘reeta</span> <span class='ocrx_word' id='word_1_83' title='bbox 555 1978 925 2045; x_wconf 68' lang='lat' dir='ltr'>interpretatio</span> <span class='ocrx_word' id='word_1_84' title='bbox 953 1978 1024 2030; x_wconf 78' lang='lat' dir='ltr'>ad</span> <span class='ocrx_word' id='word_1_85' title='bbox 1050 1995 1272 2031; x_wconf 75' lang='lat' dir='ltr'>causam</span> <span class='ocrx_word' id='word_1_86' title='bbox 1299 1976 1645 2046; x_wconf 66' lang='lat' dir='ltr'>releqatioms</span> <span class='ocrx_word' id='word_1_87' title='bbox 1674 1978 2022 2044; x_wconf 35' lang='lat' dir='ltr'>dete-cendam</span> <span class='ocrx_word' id='word_1_88' title='bbox 2055 1977 2263 2030; x_wconf 27' lang='lat' dir='ltr'>summi*</span> 
     </span>
     <span class='ocr_line' id='line_1_12' title="bbox 208 2065 2258 2136; baseline -0.002 -14"><span class='ocrx_word' id='word_1_89' title='bbox 208 2074 286 2122; x_wconf 78' lang='lat' dir='ltr'>est</span> <span class='ocrx_word' id='word_1_90' title='bbox 337 2067 604 2122; x_wconf 75' lang='lat' dir='ltr'>momenti.</span> <span class='ocrx_word' id='word_1_91' title='bbox 665 2069 938 2136; x_wconf 83' lang='lat' dir='ltr'>Legamus</span> <span class='ocrx_word' id='word_1_92' title='bbox 995 2067 1159 2135; x_wconf 88' lang='lat' dir='ltr'>igitur</span> <span class='ocrx_word' id='word_1_93' title='bbox 1216 2068 1390 2120; x_wconf 91' lang='lat' dir='ltr'>locum</span> <span class='ocrx_word' id='word_1_94' title='bbox 1450 2067 1620 2135; x_wconf 76' lang='lat' dir='ltr'>(Pout.</span> <span class='ocrx_word' id='word_1_95' title='bbox 1679 2065 1859 2131; x_wconf 81' lang='lat' dir='ltr'><strong>1V.6‚</strong></span> <span class='ocrx_word' id='word_1_96' title='bbox 1917 2065 2139 2128; x_wconf 80' lang='lat'>9—16.)</span> <span class='ocrx_word' id='word_1_97' title='bbox 2199 2067 2258 2118; x_wconf 79' lang='lat' dir='ltr'>in</span> 
     </span>
     <span class='ocr_line' id='line_1_13' title="bbox 210 2157 953 2224; baseline -0.005 -12"><span class='ocrx_word' id='word_1_98' title='bbox 210 2159 581 2224; x_wconf 88' lang='lat' dir='ltr'>quaestionem</span> <span class='ocrx_word' id='word_1_99' title='bbox 622 2157 953 2211; x_wconf 85' lang='lat' dir='ltr'>vocandum:</span> 
     </span>
    </p>
   </div>
   <div class='ocr_carea' id='block_1_5' title="bbox 347 2282 2143 2979">
    <p class='ocr_par' dir='ltr' id='par_1_6' title="bbox 347 2282 2143 2979">
     <span class='ocr_line' id='line_1_14' title="bbox 389 2282 1938 2358; baseline -0.002 -15"><span class='ocrx_word' id='word_1_100' title='bbox 389 2290 580 2343; x_wconf 83' lang='lat' dir='ltr'>Certus</span> <span class='ocrx_word' id='word_1_101' title='bbox 622 2306 743 2342; x_wconf 89' lang='lat' dir='ltr'>eras</span> <span class='ocrx_word' id='word_1_102' title='bbox 786 2282 880 2358; x_wconf 85' lang='lat' dir='ltr'>pro</span> <span class='ocrx_word' id='word_1_103' title='bbox 923 2307 1022 2353; x_wconf 80' lang='lat' dir='ltr'>me,</span> <span class='ocrx_word' id='word_1_104' title='bbox 1066 2290 1267 2342; x_wconf 88' lang='lat' dir='ltr'>Fabiae</span> <span class='ocrx_word' id='word_1_105' title='bbox 1307 2290 1413 2355; x_wconf 80' lang='lat' dir='ltr'>lux,</span> <span class='ocrx_word' id='word_1_106' title='bbox 1457 2290 1702 2354; x_wconf 74' lang='lat' dir='ltr'>Maxime,</span> <span class='ocrx_word' id='word_1_107' title='bbox 1746 2290 1938 2356; x_wconf 72' lang='lat' dir='ltr'>gentis7</span> 
     </span>
     <span class='ocr_line' id='line_1_15' title="bbox 463 2378 1769 2447; baseline -0.002 -16"><span class='ocrx_word' id='word_1_108' title='bbox 463 2379 672 2432; x_wconf 89' lang='lat' dir='ltr'>Numen</span> <span class='ocrx_word' id='word_1_109' title='bbox 714 2378 783 2431; x_wconf 90' lang='lat' dir='ltr'>ad</span> <span class='ocrx_word' id='word_1_110' title='bbox 822 2378 1122 2446; x_wconf 89' lang='lat' dir='ltr'>Augustum</span> <span class='ocrx_word' id='word_1_111' title='bbox 1166 2379 1409 2447; x_wconf 87' lang='lat' dir='ltr'>supplice</span> <span class='ocrx_word' id='word_1_112' title='bbox 1451 2396 1582 2432; x_wconf 88' lang='lat' dir='ltr'>voce</span> <span class='ocrx_word' id='word_1_113' title='bbox 1623 2379 1769 2445; x_wconf 89' lang='lat' dir='ltr'>loqui</span> 
     </span>
     <span class='ocr_line' id='line_1_16' title="bbox 389 2465 2143 2535; baseline -0.002 -14"><span class='ocrx_word' id='word_1_114' title='bbox 389 2467 605 2521; x_wconf 85' lang='lat' dir='ltr'>Occidis</span> <span class='ocrx_word' id='word_1_115' title='bbox 647 2475 772 2520; x_wconf 91' lang='lat' dir='ltr'>ante</span> <span class='ocrx_word' id='word_1_116' title='bbox 811 2483 1004 2534; x_wconf 84' lang='lat' dir='ltr'>preces</span> <span class='ocrx_word' id='word_1_117' title='bbox 1047 2479 1371 2533; x_wconf 74' lang='lat' dir='ltr'>causamque</span> <span class='ocrx_word' id='word_1_118' title='bbox 1413 2484 1532 2535; x_wconf 78' lang='lat' dir='ltr'>eg0‚</span> <span class='ocrx_word' id='word_1_119' title='bbox 1574 2468 1818 2532; x_wconf 76' lang='lat' dir='ltr'>Maxime,</span> <span class='ocrx_word' id='word_1_120' title='bbox 1860 2465 2043 2518; x_wconf 70' lang='lat' dir='ltr'>mortis</span> <span class='ocrx_word' id='word_1_121' title='bbox 2072 2496 2143 2502; x_wconf 95' lang='lat'>—</span> 
     </span>
     <span class='ocr_line' id='line_1_17' title="bbox 347 2551 1716 2609; baseline 0 0"><span class='ocrx_word' id='word_1_122' title='bbox 347 2551 353 2559; x_wconf 51' lang='lat'><strong>⁸</strong></span> <span class='ocrx_word' id='word_1_123' title='bbox 461 2557 575 2609; x_wconf 91' lang='lat' dir='ltr'>Nec</span> <span class='ocrx_word' id='word_1_124' title='bbox 615 2557 822 2609; x_wconf 83' lang='lat' dir='ltr'>fueram</span> <span class='ocrx_word' id='word_1_125' title='bbox 863 2557 996 2608; x_wconf 89' lang='lat' dir='ltr'>tanti</span> <span class='ocrx_word' id='word_1_126' title='bbox 1039 2586 1106 2591; x_wconf 89' lang='grc'>-</span> <span class='ocrx_word' id='word_1_127' title='bbox 1148 2575 1229 2608; x_wconf 90' lang='lat' dir='ltr'>me</span> <span class='ocrx_word' id='word_1_128' title='bbox 1268 2574 1388 2608; x_wconf 73' lang='lat' dir='ltr'>reor</span> <span class='ocrx_word' id='word_1_129' title='bbox 1429 2574 1537 2609; x_wconf 76' lang='lat' dir='ltr'>esse</span> <span class='ocrx_word' id='word_1_130' title='bbox 1578 2562 1716 2609; x_wconf 76' lang='lat' dir='ltr'>tuae.</span> 
     </span>
     <span class='ocr_line' id='line_1_18' title="bbox 387 2645 1871 2712; baseline 0 -16"><span class='ocrx_word' id='word_1_131' title='bbox 387 2646 497 2698; x_wconf 89' lang='lat' dir='ltr'>Iam</span> <span class='ocrx_word' id='word_1_132' title='bbox 538 2645 701 2698; x_wconf 86' lang='lat' dir='ltr'>timeo</span> <span class='ocrx_word' id='word_1_133' title='bbox 742 2652 979 2697; x_wconf 88' lang='lat' dir='ltr'>nostram</span> <span class='ocrx_word' id='word_1_134' title='bbox 1021 2646 1268 2712; x_wconf 87' lang='lat' dir='ltr'>cuiquam</span> <span class='ocrx_word' id='word_1_135' title='bbox 1312 2646 1568 2698; x_wconf 84' lang='lat' dir='ltr'>mandare</span> <span class='ocrx_word' id='word_1_136' title='bbox 1611 2646 1871 2698; x_wconf 85' lang='lat' dir='ltr'>salutem:</span> 
     </span>
     <span class='ocr_line' id='line_1_19' title="bbox 460 2734 1584 2801; baseline 0.003 -17"><span class='ocrx_word' id='word_1_137' title='bbox 460 2734 643 2801; x_wconf 89' lang='lat' dir='ltr'>Ipsum</span> <span class='ocrx_word' id='word_1_138' title='bbox 687 2742 854 2786; x_wconf 90' lang='lat' dir='ltr'>morte</span> <span class='ocrx_word' id='word_1_139' title='bbox 894 2742 985 2786; x_wconf 87' lang='lat' dir='ltr'>tua</span> <span class='ocrx_word' id='word_1_140' title='bbox 1026 2734 1260 2786; x_wconf 85' lang='lat' dir='ltr'>concidit</span> <span class='ocrx_word' id='word_1_141' title='bbox 1299 2735 1584 2799; x_wconf 77' lang='lat' dir='ltr'>auxilium3</span> 
     </span>
     <span class='ocr_line' id='line_1_20' title="bbox 389 2822 1864 2891; baseline 0 -17"><span class='ocrx_word' id='word_1_142' title='bbox 389 2822 653 2889; x_wconf 82' lang='lat' dir='ltr'>Coeperat</span> <span class='ocrx_word' id='word_1_143' title='bbox 694 2826 967 2890; x_wconf 86' lang='lat' dir='ltr'>Augustus</span> <span class='ocrx_word' id='word_1_144' title='bbox 1010 2823 1273 2890; x_wconf 86' lang='lat' dir='ltr'>deceptae</span> <span class='ocrx_word' id='word_1_145' title='bbox 1314 2824 1599 2891; x_wconf 81' lang='lat' dir='ltr'>ignoscere</span> <span class='ocrx_word' id='word_1_146' title='bbox 1642 2824 1864 2891; x_wconf 90' lang='lat' dir='ltr'>culpae:</span> 
     </span>
     <span class='ocr_line' id='line_1_21' title="bbox 462 2911 1716 2979; baseline -0.002 -16"><span class='ocrx_word' id='word_1_147' title='bbox 462 2911 624 2979; x_wconf 85' lang='lat' dir='ltr'>Spem</span> <span class='ocrx_word' id='word_1_148' title='bbox 665 2920 900 2964; x_wconf 85' lang='lat' dir='ltr'>nostram</span> <span class='ocrx_word' id='word_1_149' title='bbox 941 2918 1111 2963; x_wconf 87' lang='lat' dir='ltr'>terras</span> <span class='ocrx_word' id='word_1_150' title='bbox 1154 2911 1501 2979; x_wconf 87' lang='lat' dir='ltr'>deseruitque</span> <span class='ocrx_word' id='word_1_151' title='bbox 1543 2914 1716 2965; x_wconf 89' lang='lat' dir='ltr'>simul.</span> 
     </span>
    </p>
   </div>
   <div class='ocr_carea' id='block_1_6' title="bbox 210 3056 2257 3568">
    <p class='ocr_par' dir='ltr' id='par_1_7' title="bbox 210 3056 2257 3568">
     <span class='ocr_line' id='line_1_22' title="bbox 391 3056 2254 3127; baseline -0.001 -17"><span class='ocrx_word' id='word_1_152' title='bbox 391 3056 614 3110; x_wconf 87' lang='lat' dir='ltr'>Ovidius</span> <span class='ocrx_word' id='word_1_153' title='bbox 655 3066 799 3110; x_wconf 80' lang='lat' dir='ltr'>certe</span> <span class='ocrx_word' id='word_1_154' title='bbox 841 3059 1012 3122; x_wconf 85' lang='lat' dir='ltr'>scivit,</span> <span class='ocrx_word' id='word_1_155' title='bbox 1071 3059 1214 3123; x_wconf 89' lang='lat' dir='ltr'>quod</span> <span class='ocrx_word' id='word_1_156' title='bbox 1256 3075 1318 3111; x_wconf 92' lang='lat' dir='ltr'>eo</span> <span class='ocrx_word' id='word_1_157' title='bbox 1360 3067 1599 3127; x_wconf 88' lang='lat' dir='ltr'>tempore</span> <span class='ocrx_word' id='word_1_158' title='bbox 1641 3077 1850 3112; x_wconf 90' lang='lat' dir='ltr'>rumore</span> <span class='ocrx_word' id='word_1_159' title='bbox 1910 3059 2094 3127; x_wconf 87' lang='lat' dir='ltr'>populi</span> <span class='ocrx_word' id='word_1_160' title='bbox 2137 3076 2254 3126; x_wconf 87' lang='lat' dir='ltr'>per-</span> 
     </span>
     <span class='ocr_line' id='line_1_23' title="bbox 210 3146 2251 3215; baseline -0.001 -16"><span class='ocrx_word' id='word_1_161' title='bbox 210 3146 481 3212; x_wconf 78' lang='lat' dir='ltr'>vulgatum</span> <span class='ocrx_word' id='word_1_162' title='bbox 513 3154 642 3211; x_wconf 74' lang='lat' dir='ltr'>erat,</span> <span class='ocrx_word' id='word_1_163' title='bbox 661 3147 884 3198; x_wconf 90' lang='lat' dir='ltr'>Fabium</span> <span class='ocrx_word' id='word_1_164' title='bbox 912 3147 1034 3199; x_wconf 89' lang='lat' dir='ltr'>ideo</span> <span class='ocrx_word' id='word_1_165' title='bbox 1054 3147 1124 3199; x_wconf 87' lang='lat' dir='ltr'>ad</span> <span class='ocrx_word' id='word_1_166' title='bbox 1143 3156 1359 3199; x_wconf 87' lang='lat' dir='ltr'>mortem</span> <span class='ocrx_word' id='word_1_167' title='bbox 1383 3165 1503 3200; x_wconf 87' lang='lat' dir='ltr'>esse</span> <span class='ocrx_word' id='word_1_168' title='bbox 1523 3149 1789 3213; x_wconf 87' lang='lat' dir='ltr'>adactum,</span> <span class='ocrx_word' id='word_1_169' title='bbox 1811 3148 1936 3215; x_wconf 90' lang='lat' dir='ltr'>quia</span> <span class='ocrx_word' id='word_1_170' title='bbox 1955 3151 2251 3213; x_wconf 80' lang='lat' dir='ltr'>Augustum</span> 
     </span>
     <span class='ocr_line' id='line_1_24' title="bbox 211 3233 2254 3303; baseline 0 -18"><span class='ocrx_word' id='word_1_171' title='bbox 211 3250 330 3286; x_wconf 91' lang='lat' dir='ltr'>cum</span> <span class='ocrx_word' id='word_1_172' title='bbox 374 3233 623 3302; x_wconf 69' lang='lat' dir='ltr'>Aq-rippa</span> <span class='ocrx_word' id='word_1_173' title='bbox 647 3234 906 3286; x_wconf 75' lang='lat' dir='ltr'>Postumo</span> <span class='ocrx_word' id='word_1_174' title='bbox 934 3236 1287 3288; x_wconf 89' lang='lat' dir='ltr'>reconciliare</span> <span class='ocrx_word' id='word_1_175' title='bbox 1314 3237 1591 3289; x_wconf 85' lang='lat' dir='ltr'>voluisset.</span> <span class='ocrx_word' id='word_1_176' title='bbox 1637 3237 1743 3290; x_wconf 82' lang='lat' dir='ltr'>Gur</span> <span class='ocrx_word' id='word_1_177' title='bbox 1769 3238 1930 3303; x_wconf 87' lang='lat' dir='ltr'>igitur</span> <span class='ocrx_word' id='word_1_178' title='bbox 1961 3253 2018 3288; x_wconf 90' lang='lat' dir='ltr'>se</span> <span class='ocrx_word' id='word_1_179' title='bbox 2042 3237 2254 3286; x_wconf 73' lang='lat' dir='ltr'>incusat</span> 
     </span>
     <span class='ocr_line' id='line_1_25' title="bbox 211 3322 2252 3390; baseline 0 -17"><span class='ocrx_word' id='word_1_180' title='bbox 211 3331 428 3390; x_wconf 87' lang='lat' dir='ltr'>propter</span> <span class='ocrx_word' id='word_1_181' title='bbox 483 3331 703 3375; x_wconf 87' lang='lat' dir='ltr'>mortem</span> <span class='ocrx_word' id='word_1_182' title='bbox 745 3322 947 3375; x_wconf 72' lang='lat' dir='ltr'>amici?</span> <span class='ocrx_word' id='word_1_183' title='bbox 998 3325 1210 3376; x_wconf 86' lang='lat' dir='ltr'>Putavit</span> <span class='ocrx_word' id='word_1_184' title='bbox 1259 3326 1397 3376; x_wconf 87' lang='lat' dir='ltr'>enim</span> <span class='ocrx_word' id='word_1_185' title='bbox 1449 3326 1671 3378; x_wconf 87' lang='lat' dir='ltr'>Fabium</span> <span class='ocrx_word' id='word_1_186' title='bbox 1715 3326 1816 3378; x_wconf 89' lang='lat' dir='ltr'>sibi</span> <span class='ocrx_word' id='word_1_187' title='bbox 1871 3324 2252 3376; x_wconf 90' lang='lat' dir='ltr'>amicissimum</span> 
     </span>
     <span class='ocr_line' id='line_1_26' title="bbox 210 3412 2252 3481; baseline -0 -19"><span class='ocrx_word' id='word_1_188' title='bbox 210 3426 314 3463; x_wconf 86' lang='lat' dir='ltr'>nou</span> <span class='ocrx_word' id='word_1_189' title='bbox 391 3412 560 3464; x_wconf 89' lang='lat' dir='ltr'>solum</span> <span class='ocrx_word' id='word_1_190' title='bbox 622 3412 913 3478; x_wconf 78' lang='lat' dir='ltr'>Agrippae,</span> <span class='ocrx_word' id='word_1_191' title='bbox 976 3412 1073 3463; x_wconf 89' lang='lat' dir='ltr'>sed</span> <span class='ocrx_word' id='word_1_192' title='bbox 1134 3413 1291 3464; x_wconf 88' lang='lat' dir='ltr'>etiam</span> <span class='ocrx_word' id='word_1_193' title='bbox 1351 3414 1454 3465; x_wconf 89' lang='lat' dir='ltr'>sibi</span> <span class='ocrx_word' id='word_1_194' title='bbox 1512 3414 1774 3481; x_wconf 81' lang='lat' dir='ltr'>prodesse</span> <span class='ocrx_word' id='word_1_195' title='bbox 1834 3414 2088 3476; x_wconf 87' lang='lat' dir='ltr'>voluisse,</span> <span class='ocrx_word' id='word_1_196' title='bbox 2132 3428 2252 3463; x_wconf 85' lang='lat' dir='ltr'>cum</span> 
     </span>
     <span class='ocr_line' id='line_1_27' title="bbox 210 3499 2257 3568; baseline -0 -18"><span class='ocrx_word' id='word_1_197' title='bbox 210 3499 509 3565; x_wconf 85' lang='lat' dir='ltr'>Augustum</span> <span class='ocrx_word' id='word_1_198' title='bbox 564 3499 619 3550; x_wconf 89' lang='lat' dir='ltr'>in</span> <span class='ocrx_word' id='word_1_199' title='bbox 660 3499 891 3552; x_wconf 88' lang='lat' dir='ltr'>insulam</span> <span class='ocrx_word' id='word_1_200' title='bbox 916 3499 957 3565; x_wconf 78' lang='lat'>&#39;)</span> <span class='ocrx_word' id='word_1_201' title='bbox 1014 3500 1354 3552; x_wconf 86' lang='lat' dir='ltr'>comitaretur</span> <span class='ocrx_word' id='word_1_202' title='bbox 1410 3517 1636 3568; x_wconf 90' lang='lat' dir='ltr'>sperans</span> <span class='ocrx_word' id='word_1_203' title='bbox 1679 3501 1810 3566; x_wconf 77' lang='lat' dir='ltr'>fore,</span> <span class='ocrx_word' id='word_1_204' title='bbox 1872 3510 1927 3552; x_wconf 86' lang='lat' dir='ltr'>ut</span> <span class='ocrx_word' id='word_1_205' title='bbox 1966 3501 2257 3567; x_wconf 84' lang='lat' dir='ltr'>imperator</span> 
     </span>
    </p>
   </div>
   <div class='ocr_carea' id='block_1_7' title="bbox 395 3671 1884 3730">
    <p class='ocr_par' dir='ltr' id='par_1_8' title="bbox 395 3671 1884 3730">
     <span class='ocr_line' id='line_1_28' title="bbox 395 3671 1884 3730; baseline 0 -15"><span class='ocrx_word' id='word_1_206' title='bbox 395 3673 415 3698; x_wconf 85' lang='grc'><em>*</em></span> <span class='ocrx_word' id='word_1_207' title='bbox 471 3671 541 3715; x_wconf 82' lang='lat' dir='ltr'>Sc.</span> <span class='ocrx_word' id='word_1_208' title='bbox 577 3672 620 3713; x_wconf 90' lang='lat' dir='ltr'>in</span> <span class='ocrx_word' id='word_1_209' title='bbox 654 3672 850 3716; x_wconf 87' lang='lat' dir='ltr'>insulam</span> <span class='ocrx_word' id='word_1_210' title='bbox 881 3671 1157 3724; x_wconf 84' lang='lat' dir='ltr'>Planasiam,</span> <span class='ocrx_word' id='word_1_211' title='bbox 1190 3674 1269 3715; x_wconf 89' lang='lat' dir='ltr'>ubi</span> <span class='ocrx_word' id='word_1_212' title='bbox 1302 3673 1512 3730; x_wconf 85' lang='lat' dir='ltr'>Agrippa</span> <span class='ocrx_word' id='word_1_213' title='bbox 1545 3675 1655 3717; x_wconf 86' lang='lat' dir='ltr'>vixit</span> <span class='ocrx_word' id='word_1_214' title='bbox 1690 3676 1803 3717; x_wconf 87' lang='lat' dir='ltr'>exul.</span> <span class='ocrx_word' id='word_1_215' title='bbox 1879 3720 1884 3721; x_wconf 18' lang='lat'><em>⁷</em></span> 
     </span>
    </p>
   </div>
   <div class='ocr_carea' id='block_1_8' title="bbox 1188 3791 1272 3834">
    <p class='ocr_par' dir='ltr' id='par_1_9' title="bbox 1188 3791 1272 3834">
     <span class='ocr_line' id='line_1_29' title="bbox 1188 3791 1272 3834; baseline 0.024 -2"><span class='ocrx_word' id='word_1_216' title='bbox 1188 3791 1272 3834; x_wconf 87' lang='lat'>153</span> 
     </span>
    </p>
   </div>
  </div>
 </body>
</html>
