2430 4022
843 186 1219 242 Supplementum
1252 186 1681 231 commentariorum
2258 193 2288 239 9

1209 351 1328 404 ΧΠ.

422 486 511 540 Tr.
553 484 615 537 V.
659 482 710 550 5,
756 481 992 538 15-16.
1037 479 1124 565 (de
1167 481 1382 551 uxore):

424 616 484 670 Si
524 617 666 684 quod
707 624 760 670 et
800 617 1039 670 instabat
1080 616 1329 669 dominae
1370 617 1676 669 miserabile
1715 618 1926 684 vulnus,

500 704 580 758 Sit
608 706 906 773 perfuncta
946 706 1079 758 meis
1119 713 1331 774 tempus
1370 707 1425 757 in
1467 722 1624 758 omne
1665 707 1838 759 maliS.

423 838 489 893 H.
530 839 757 906 Magnus
799 836 965 904 (Berl.
1008 837 1148 891 Phil.
1203 838 1371 891 Woch.
1406 837 1564 893 1920.
1594 856 1644 906 p.
1679 837 1822 904 156.)
1848 839 2100 891 adnotat:
2149 839 2294 902 „Das
2349 829 2352 832 ¹

244 927 566 994 sehwierige
623 925 693 979 sit
743 925 1039 994 perfundo.
1096 925 1351 994 (domina)
1407 927 1539 980 meis
1597 934 1803 995 tempus
1843 926 1904 979 in
1947 944 2097 979 omne
2135 925 2295 980 malis

244 1033 357 1070 war
396 1033 461 1068 zu
500 1016 778 1069 erklaren:
823 1016 892 1068 sit
930 1017 1212 1084 perfuncta
1242 1033 1305 1069 eo
1332 1014 1646 1083 (miserabili
1674 1015 1919 1082 vulnere)
1963 1017 2096 1069 meis
2137 1017 2294 1068 malis

246 1104 372 1169 (abl.
415 1101 632 1172 causae)
673 1111 884 1172 tempus
925 1106 979 1156 in
1021 1121 1194 1170 omne⁷
1252 1105 1302 1158 d.
1345 1106 1396 1158 h.
1442 1105 1611 1158 durch
1653 1105 1739 1162 die
1780 1106 1986 1157 Trauer
2024 1123 2111 1157 um
2152 1106 2293 1157 mein

245 1193 519 1248 Gesehiek
557 1194 681 1245 hast
722 1193 794 1245 du
833 1194 1123 1262 Anspruoh
1180 1195 1276 1245 auf
1329 1194 1624 1261 Befreiung
1679 1210 1783 1247 von
1838 1195 1998 1246 allem
2038 1194 2289 1247 ferneren

242 1281 380 1334 Leid
419 1282 752 1335 erworben‘·‘.
810 1282 989 1335 Locus
1047 1299 1153 1335 non
1207 1283 1281 1334 ita
1336 1283 1610 1347 diffieilis3
1660 1286 1962 1348 perfuncta
2010 1284 2149 1335 enim
2191 1284 2295 1336 hoe

242 1371 363 1424 loeo
403 1371 648 1423 absolute
690 1360 922 1438 positum
966 1379 1049 1423 est
1088 1371 1338 1438 idemque
1376 1372 1490 1424 fere
1533 1371 1823 1438 signifieat,
1867 1371 2010 1438 quod
2051 1370 2292 1436 liberata,

242 1458 523 1514 immunis.
564 1430 770 1512 1⁴⁶]odem
811 1460 969 1512 modo
1010 1461 1154 1528 apud
1205 1460 1314 1513 Cio.
1358 1462 1516 1513 Dom.
1563 1459 1645 1514 17.
1689 1467 1742 1512 et
1782 1460 1991 1514 Cluent.
2033 1459 2122 1526 41,
2155 1458 2292 1515 116.

1198 1653 1343 1704 XIII.

422 1787 510 1840 Tr.
553 1787 613 1839 V.
658 1786 706 1853 7,
754 1782 988 1838 15—-18,
1033 1786 1099 1837 de
1142 1785 1402 1838 Sarmatis
1445 1785 1736 1853 Getisque:

423 1919 484 1970 In
526 1919 718 1986 quibus
761 1926 844 1971 est
883 1935 1051 1983 neum,
1095 1919 1184 1985 qui
1225 1935 1333 1970 nou
1374 1926 1595 1986 coryton
1637 1909 1690 1971 et
1730 1935 1910 1970 areum

497 2008 738 2074 Telaque
779 2008 997 2075 vipereo
1038 2007 1212 2065 lurida
1253 2007 1380 2059 felle
1423 2018 1592 2074 gerat.

425 2096 539 2148 Vox
580 2097 712 2161 fera,
755 2104 876 2148 trux
914 2097 1111 2161 vultus,
1153 2097 1434 2149 verissima
1475 2097 1661 2149 Martis
1702 2098 1899 2164 image,

499 2185 618 2237 Non
659 2201 828 2249 coma,
870 2201 977 2236 non
1017 2184 1134 2237 ulla
1174 2185 1342 2237 barba
1382 2193 1596 2238 resecta
1637 2203 1812 2237 manu,

424 2317 484 2370 V.
531 2315 775 2371 lemna
816 2335 987 2370 manu
1026 2318 1208 2385 inepte
1250 2314 1480 2382 dietum3
1523 2335 1618 2386 pro
1653 2318 1767 2370 ulla
1794 2318 2134 2371 scribendum
2175 2318 2292 2385 ulli,

244 2404 278 2458 i.
322 2422 366 2458 e.
410 2406 542 2458 nulli
581 2407 932 2459 barbarorum
975 2423 1145 2471 coma,
1197 2407 1329 2458 nulli
1384 2408 1552 2460 barba
1594 2414 1806 2459 resecta
1849 2415 1947 2469 est,
1991 2408 2133 2474 quod
2172 2425 2294 2477 pos-

242 2494 416 2547 tulare
455 2495 667 2548 videtur
707 2496 865 2548 etiam
920 2513 1073 2548 ‘nemo
1131 2512 1210 2548 VS.
1271 2496 1355 2549 15.
1417 2496 1499 2549 Cf.
1542 2497 1630 2548 Tr.
1674 2497 1760 2550 IV.
1808 2495 1892 2559 10,
1935 2494 2037 2550 58:
2085 2497 2295 2560 „Barba

168 2653 183 2658 ³
243 2589 455 2636 resecta
493 2582 628 2636 mihi
666 2585 819 2638 bisve
862 2585 1096 2637 semelve
1136 2584 1292 2636 iuit“.

1195 2775 1339 2829 XIV.

421 2849 510 2902 Tr.
551 2850 614 2902 V.
657 2849 707 2914 7,
750 2846 1004 2903 57—58:

424 2981 519 3034 En
555 2983 722 3055 pudet
762 2990 816 3034 et
856 2983 1064 3034 fateor:
1106 2983 1210 3034 iam
1253 2982 1608 3035 desuetudine
1651 2984 1814 3050 longa

496 3071 597 3124 Vix
637 3072 869 3124 subeunt
909 3071 1015 3138 ipsi
1055 3070 1219 3123 verba
1259 3072 1452 3123 Latina
1493 3071 1640 3124 mihi.

423 3204 487 3258 H.
529 3204 759 3271 Magnus
801 3202 970 3272 (Berl.
1014 3203 1158 3256 Phil.
1212 3202 1574 3259 Woeh.1920.
1618 3222 1667 3272 p.
1715 3202 1858 3271 159.)
1900 3205 2150 3257 adnotat:
2200 3205 2293 3267 ‚,V.

244 3294 333 3349 57.
375 3293 445 3345 ist
477 3293 577 3344 mit
619 3293 883 3345 manehen
925 3292 1345 3345 Handsehriften
1408 3301 1469 3346 et
1519 3290 1669 3360 (statt
1708 3294 1795 3359 en)
1827 3293 1999 3359 pudet
2038 3298 2087 3346 et
2123 3298 2297 3358 fateor

143 3403 149 3407 ·
244 3383 531 3447 zulesem
588 3382 696 3448 vgl.
757 3382 880 3433 Met.
938 3382 1079 3433 XIV.
1137 3380 1276 3435 279:
1342 3384 1440 3444 „Et
1497 3368 1660 3449 pudet
1717 3389 1769 3434 et
1816 3382 2081 3434 referam“
2148 3380 2201 3447 (i.
2246 3399 2292 3434 e.

243 3487 565 3537 quamquam
605 3470 789 3538 pudet,
830 3478 1010 3522 tamen
1050 3470 1321 3537 referam).
1357 3471 1560 3523 Eodem
1607 3487 1770 3523 sensu
1810 3471 1960 3522 Rem.
2001 3467 2143 3523 467:
2191 3470 2290 3533 „Et

244 3560 409 3627 pudet
449 3567 502 3613 et
541 3560 771 3612 dieam“.
817 3560 968 3612 Adde
1024 3561 1146 3613 Met.
1198 3561 1336 3613 VIII.
1381 3558 1521 3614 2506:
1562 3562 1662 3623 „Et
1703 3559 1858 3626 cupio
1916 3566 1967 3610 et
2023 3559 2289 3625 nequeo“,

241 3647 357 3700 ibid
394 3649 462 3701 X.
505 3646 643 3703 371:
708 3648 1009 3716 „pudetque
1063 3650 1132 3701 Et
1187 3650 1332 3717 cupit
1388 3656 1457 3714 et,
1517 3648 1646 3715 quid
1689 3654 1831 3714 agat,
1889 3662 1996 3699 non
2035 3647 2291 3699 invenit“.

1224 3782 1313 3823 119
