2462 4036
186 194 255 243 32
742 231 749 236 .
853 170 858 172 .
1019 167 1178 249 Geyza
1209 191 1248 236 N
1250 190 1439 249 emethy

363 342 606 411 Falerno
641 355 873 410 coniecit
911 356 1252 424 Zinzerling;
1295 357 1480 411 codies
1519 373 1739 411 omnes:

364 445 690 512 Falerna,
748 445 892 512 quod
956 446 1296 499 retinendum
1363 463 1487 500 esse
1544 454 1734 501 censet
1785 412 2017 501 Ehwald
2070 445 2240 517 (Krit.
2303 468 2306 471 ·
2366 453 2378 458 ”

141 534 358 625 ¹Bevjtr.
399 553 451 604 p.
493 532 603 603 62.)
646 534 727 589 of.
769 535 965 589 Tibull.
1007 535 1047 588 I.
1089 533 1142 602 9,
1185 533 1286 590 34:
1338 536 1575 603 Bacchi
1595 554 1724 590 cura
1772 534 2036 590 Falernus
2069 538 2232 606 ager⁶⁸
2279 607 2284 610 .
2360 591 2443 623 1

187 631 242 676 et
282 622 415 677 Stat.
459 623 589 677 Silv.
631 621 698 677 ΙΙ.
727 623 920 678 4-5ε
973 622 1126 688 „Qua
1150 625 1365 678 Bromio
1401 625 1632 679 dilectus
1660 642 1795 693 ager
1829 625 2104 693 collesque
2142 643 2277 706 per·
2360 665 2365 667 -

185 714 325 766 altos
365 713 547 766 Uritur
587 720 641 765 et
680 713 845 782 prelis
883 729 995 766 non
1035 713 1243 767 invidet
1282 731 1388 768 uva
1428 713 1730 776 Falernis“.

1101 920 1316 974 LXVII.

365 1011 520 1063 Pont.
561 1010 649 1063 IV.
694 1009 744 1072 2,
789 1006 1028 1063 33-34.

368 1143 494 1197 Sive
538 1144 681 1211 quod
720 1143 775 1195 in
815 1142 1055 1196 tenebris
1095 1160 1414 1196 numerosos
1455 1160 1663 1212 ponere.
1693 1160 1928 1212 yressuS,

387 1245 411 1264 s
443 1217 708 1286 Quodque
747 1219 901 1286 legas
941 1217 1074 1270 nulli
1114 1217 1352 1270 scribere
1393 1235 1610 1271 carmen
1649 1218 1789 1271 idem
1833 1226 1932 1271 est.

371 1353 603 1405 Gressus
643 1351 882 1416 Merkel;
925 1357 1171 1418 yestus,
1215 1351 1433 1404 codices
1473 1352 1644 1404 nostri
1683 1368 1887 1417 omneS,
1931 1351 2075 1418 quod
2117 1352 2242 1404 reti-

187 1442 423 1495 nendum
481 1448 668 1494 censet
708 1440 939 1493 Ehwald
980 1437 1144 1507 (Krit.
1187 1439 1357 1492 Beitr.
1401 1457 1452 1508 p.
1496 1436 1606 1508 62.)
1650 1438 1871 1498 Scilicet
1909 1441 2146 1508 antiquis
2185 1440 2243 1493 in

189 1531 479 1585 saltatione
534 1530 753 1606 maioris
808 1530 1064 1582 momenti
1118 1545 1241 1582 esse
1283 1529 1607 1582 videbantur
1645 1529 2038 1596 bracchiorum,
2080 1545 2240 1596 quam

186 1621 382 1691 pedum
424 1628 629 1686 motus3
673 1620 742 1672 cf.
788 1618 901 1672 Ov.=
930 1626 989 1671 A.
1033 1620 1095 1671 A.
1137 1618 1229 1670 111.
1274 1615 1601 1673 349—350:
1651 1616 1817 1682 „Quis
1860 1617 2084 1684 dubitet,
2111 1617 2243 1686 quin

190 1712 330 1764 scire
390 1710 550 1765 velim
607 1710 805 1763 saltare
860 1709 1114 1777 puellam,
1171 1708 1243 1761 Ut
1302 1713 1508 1761 moveat
1568 1709 1744 1776 posito
1797 1706 2051 1760 bracchia
2089 1706 2243 1760 iussa
2306 1722 2315 1730 “

189 1803 391 1862 mero“,
432 1799 560 1852 ibid.
603 1800 669 1851 II.
712 1796 851 1852 305:
901 1796 1207 1860 „Bracchia
1249 1797 1496 1849 saltantis
1538 1798 1787 1859 mirere“,
1833 1796 1963 1850 ibid.
2005 1796 2046 1848 k
2097 1794 2241 1851 595:

192 1890 273 1958 „si
311 1890 495 1942 mollia
551 1887 818 1949 bracchia,
869 1888 1062 1940 salta“.
1120 1887 1362 1954 Propert.
1419 1886 1484 1938 ΙΙ.
1546 1884 1634 1951 22,
1678 1885 1728 1939 5.
1773 1882 1860 1954 (de
1906 1884 2090 1952 puella
2131 1884 2237 1937 sal-

185 1979 389 2043 tante):
435 1978 558 2031 Sive
597 1976 800 2044 aliquis
840 1977 987 2029 molli
1028 1975 1232 2028 diducit
1273 1975 1504 2028 candida.
1540 1981 1696 2044 yestu
1738 1964 2019 2045 bracchia.
2206 1995 2210 1999 ·

1080 2183 1323 2236 LXVIII.

361 2278 516 2330 Pont.
558 2276 645 2329 lV.
690 2273 740 2340 3,
783 2272 1037 2329 49—502

363 2410 525 2463 Ludit
563 2411 618 2461 in
659 2408 909 2461 humanis
951 2407 1136 2460 divina
1176 2406 1421 2475 potentia
1461 2402 1626 2458 rebus

442 2486 510 2537 Et
550 2490 751 2536 certam
792 2499 1057 2551 praesens
1097 2482 1186 2534 vix
1225 2479 1380 2533 habet
1418 2481 1552 2533 hora
1590 2478 1770 2533 fidem.

364 2619 467 2671 Pro
527 2617 682 2670 habet
739 2633 858 2668 cum
920 2616 1106 2669 codice
1162 2614 1478 2667 Monacensi
1535 2611 1660 2668 384.
1721 2592 2062 2665 scribendum
2117 2625 2244 2663 esse

172 2709 363 2773 feret
410 2715 599 2760 censet
653 2706 884 2759 Ehwald
939 2703 1106 2772 (Krit.
1168 2703 1340 2756 Beitr.
1400 2720 1451 2772 p.
1505 2699 1635 2771 63),
1694 2702 1786 2769 qui
1817 2699 2040 2754 confert
2078 2699 2237 2767 Verg.

186 2799 318 2851 Aen.
358 2796 427 2851 X.
485 2793 625 2851 792:
690 2796 781 2859 „Si
839 2811 947 2862 qua
1001 2793 1162 2858 fidem
1202 2800 1350 2845 tanto
1393 2799 1476 2845 est
1516 2792 1665 2860 operi
1716 2792 1902 2843 latura
1939 2790 2238 2842 vetustas“.

1124 2986 1319 3038 LXIX.
1395 3056 1400 3059 ¹

363 3080 519 3131 Pont.
563 3077 645 3130 IV.
688 3077 740 3142 4,
784 3074 1038 3130 33—34:

368 3211 608 3277 Cumque
650 3210 783 3262 deos
824 3225 1027 3272 omneS,
1071 3216 1179 3260 tum
1222 3224 1357 3274 quos
1398 3206 1700 3274 impensius
1742 3220 1946 3270 aequos

448 3286 587 3337 Esse
628 3284 723 3335 tibi
766 3284 971 3351 cupias,
1017 3300 1132 3335 cum
1176 3283 1302 3335 Iove
1344 3281 1547 3334 Caesar
1587 3287 1755 3332 erunt.

367 3419 432 3471 H.
475 3418 705 3484 Magnus
747 3414 1022 3478 (Berliner
1062 3413 1454 3484 Plzz'loloyz'sche
1518 3410 1937 3479 Wochenschrift
1980 3408 2138 3466 1920.
2184 3426 2237 3477 p.

195 3506 340 3574 157.)
382 3508 651 3560 distichon
710 3506 783 3557 ita
835 3506 1098 3572 explicat:
1153 3504 1427 3570 „Cumque
1489 3503 1622 3556 deos
1666 3518 1855 3554 omnes
1895 3497 1991 3566 (sc.
2034 3514 2237 3565 aequos

189 3614 313 3650 esse
353 3597 448 3649 tibi
506 3593 731 3663 cupias),
781 3603 890 3646 tum
950 3603 1105 3646 erunt
1159 3611 1276 3645 cum
1336 3594 1460 3645 Iove
1503 3592 1723 3645 Caesar.
1769 3605 1903 3656 quos
1942 3587 2241 3656 impensius

188 3702 394 3752 aequos
435 3702 558 3738 esse
599 3685 694 3736 tibi
736 3683 978 3751 cupias“.

1171 3798 1255 3840 142
