2462 4036
919 189 1299 246 Supplementum
1333 192 1765 234 commentariorum
1907 182 1911 186 Α
2298 195 2364 244 35

323 357 415 408 ein
454 371 592 423 ganz
631 354 868 408 fremdes
923 355 1172 407 Element
1226 354 1411 408 herein
1467 355 1577 407 und
1627 355 1815 407 zudem
1858 355 2015 407 einen
2056 341 2367 408 historisch-

323 444 833 508 staatsrechtlichen
872 443 1085 496 Fehler.
1126 444 1288 495 Denn
1308 442 1528 512 jdhriye
1557 443 1860 496 Kousulate
1892 443 2040 510 giebt
2081 461 2139 496 es
2179 445 2234 496 in
2275 444 2370 497 der

323 533 635 600 damaligen
673 533 790 585 Zeit
829 532 979 584 nicht
1018 531 1168 584 mehr
1207 532 1315 585 und
1374 533 1673 590 Graecinus
1713 533 1917 607 warpin
1959 532 2053 584 der
2091 533 2233 585 That
2271 551 2372 585 nur

328 638 446 675 vom
492 621 538 675 1.
580 621 688 674 Juli
728 621 811 674 bis'
853 618 942 675 31.
983 621 1290 673 December
1333 619 1416 674 16.
1459 639 1510 689 p.
1555 620 1650 674 Ch.
1695 621 1958 674 Konsul“.

1227 871 1469 924 LXXVI.

507 1035 661 1087 Pont.
704 1033 787 1085 IV.
829 1031 881 1097 9,
924 1031 1176 1086 71—72:

509 1182 665 1245 Quod
705 1190 883 1235 tamen
924 1199 956 1254 a
996 1198 1170 1234 rerum
1211 1198 1339 1234 cura
1378 1182 1625 1249 propiore
1667 1180 1897 1246 vacabit,

583 1271 718 1324 Vota
759 1286 949 1338 precor
990 1270 1125 1323 votis
1169 1269 1351 1322 addite
1391 1277 1588 1324 vestra.
1613 1269 1762 1323 meis.

508 1421 573 1473 H.
615 1421 844 1486 Magnus
886 1418 1053 1482 (Berl.
1096 1417 1242 1470 Phil.
1296 1417 1466 1469 Woeh.
1514 1408 1671 1472 1920.
1718 1435 1766 1484 p.
1814 1415 1959 1475 157.)
2001 1418 2103 1469 hoc
2144 1418 2261 1469 loco
2303 1418 2376 1469 ita

332 1528 416 1563 me
455 1508 831 1577 reprehendit:
881 1508 1057 1570 „Dass
1100 1507 1242 1573 quod
1282 1506 1637 1559 Accusativus
1672 1506 1781 1558 und
1823 1505 2027 1574 Objekt
2066 1523 2130 1558 zu
2173 1505 2379 1558 vacabit

332 1588 420 1664 ist,
462 1596 976 1650 musste'durchaus
1020 1595 1139 1648 dem
1183 1596 1351 1647 Leser
1391 1593 1584 1662 gesagt
1638 1595 1909 1647 werden“.
1957 1594 2065 1648 Sed
2115 1602 2255 1647 errat
2299 1595 2378 1647 vir

330 1687 708 1741 doctissimus:
752 1685 894 1752 quod
933 1693 1016 1738 est
1071 1685 1430 1736 nominativus
1488 1691 1540 1736 et
1596 1684 1891 1737 subiectum
1949 1685 2099 1737 verbi
2138 1683 2377 1749 vacabit;

331 1777 620 1843 intellege:
688 1774 877 1839 „Quod
918 1772 1170 1840 temporis
1210 1791 1243 1825 a
1283 1773 1426 1826 curis
1466 1773 1832 1841 proprioribus
1873 1773 2104 1837 vacabit,
2146 1790 2209 1825 eo
2249 1780 2378 1825 tem—

333 1882 462 1934 pore
503 1871 626 1918 vota
651 1871 830 1917 vestra
857 1863 1038 1916 addite
1070 1863 1255 1915 meis“.
1289 1862 1489 1915 Eadem
1534 1862 1741 1930 ellipsis
1782 1863 1943 1915 Trist.
1974 1863 2035 1916 V.
2063 1862 2113 1929 5,
2144 1861 2378 1916 17-18.

339 1953 629 2020 „Quaeque
672 1953 824 2020 gravi
873 1969 1044 2019 nuper
1098 1952 1219 2020 plus
1269 1968 1428 2017 quam
1486 1958 1743 2018 quassata
1801 1952 2039 2019 procella
2078 1959 2177 2016 est,
2226 1950 2381 2014 Quod

329 2047 588 2109 superest,
630 2048 798 2093 tutum
838 2058 935 2108 per
989 2030 1134 2093 mare
1190 2041 1345 2109 navis
1404 2041 1546 2105 eat“,
1589 2040 1680 2092 ubi
1741 2039 1895 2104 Quod
1934 2045 2175 2106 superest
2215 2040 2379 2108 signi-

335 2131 490 2183 ficat:
531 2138 790 2198 tempore,
834 2130 978 2196 quod
1006 2135 1271 2197 superest,
1300 2129 1330 2180 i.
1362 2146 1406 2181 e.
1434 2136 1674 2197 tempore
1714 2129 1951 2194 reliquo:
1995 2128 2183 2181 eodem
2223 2129 2379 2181 modo

334 2219 496 2272 Trist.
538 2219 599 2271 V.
645 2219 693 2283 l,
743 2217 846 2273 23:
912 2218 1105 2283 „Quod
1159 2223 1416 2284 superest,
1473 2234 1726 2270 numeros
1782 2218 1852 2270 ad
1906 2218 2091 2270 nubila
2146 2217 2381 2270 carmina

334 2306 515 2373 flexi“,
556 2307 651 2360 ubi·
685 2314 845 2375 poeta
872 2306 1051 2359 dicere
1076 2307 1218 2360 vult:
1269 2307 1566 2373 „Tempore
1591 2306 1881 2375 praeterito
1909 2306 2102 2375 scripsi
2143 2307 2379 2359 carmina

337 2387 578 2462 lasciva;
618 2414 760 2449 nunc
800 2397 925 2448 exul
962 2403 1204 2464 tempore
1232 2395 1438 2463 reliquo
1465 2395 1792 2448 carminibus
1832 2395 2071 2448 tristibus
2114 2395 2381 2462 fingendis

335 2500 555 2557 operam
595 2485 791 2538 dabo“.
835 2485 917 2538 Of.
958 2485 1116 2552 Prop.
1158 2484 1250 2538 III.
1296 2484 1381 2549 17,
1428 2483 1527 2539 19:
1584 2484 1776 2548 „Quod
1814 2489 2053 2551 superest
2093 2472 2244 2549 vitae,
2287 2501 2383 2552 per

336 2579 389 2625 te
431 2580 484 2625 et
522 2581 613 2625 tua
653 2590 853 2627 cornua
892 2573 1136 2638 vivam“;
1180 2572 1277 2627 Ov.
1308 2573 1431 2626 Her.
1462 2573 1522 2626 V.
1556 2572 1692 2628 150:
1743 2574 1842 2636 „Et
1882 2580 1988 2638 tua,
2019 2574 2161 2638 quod-
2198 2589 2382 2638 super·

335 2667 414 2735 est
467 2661 737 2729 tempori&
781 2678 903 2715 esse
960 2663 1220 2729 precor“;
1277 2662 1404 2714 Hor.
1463 2663 1632 2730 Epist.
1692 2664 1731 2715 I.
1794 2659 1878 2727 18,
1939 2659 2074 2716 108:
2132 2668 2216 2726 „et
2255 2661 2384 2713 mihi

339 2750 531 2816 vivam,
580 2749 736 2814 Quod
774 2756 1017 2817 superest
1059 2749 1193 2809 aevi,
1238 2752 1283 2803 si
1326 2751 1455 2816 quid
1497 2768 1785 2819 superesse
1826 2750 2012 2804 volunt
2051 2750 2157 2803 di“.

1231 3003 1497 3058 LXXVII.

519 3146 673 3201 Pont.
700 3147 787 3202 IV.
815 3146 866 3214 9,
899 3146 1205 3203 129-132.
1231 3158 1391 3218 poeta
1419 3131 1665 3218 precatur
1690 3134 1991 3217 Augustum
2031 3149 2136 3200 iam
2165 3147 2382 3212 Divum,

342 3235 411 3287 de
454 3251 559 3302 quo
599 3236 760 3303 paulo
803 3243 926 3289 ante
968 3254 1185 3289 carmen
1227 3241 1556 3307 composuit:

522 3382 604 3434 Tu
644 3389 858 3435 nostras
898 3383 1055 3436 audis
1094 3385 1234 3436 inter
1274 3401 1512 3439 convexa
1554 3387 1761 3439 locatus

592 3469 804 3536 Sidera,
847 3471 1076 3523 sollicito
1117 3488 1251 3538 quas
1293 3473 1483 3525 damus
1524 3490 1614 3527 ore
1656 3490 1862 3543 preces,

522 3557 855 3612 Perveuiartt
894 3560 1034 3612 istuc
1074 3567 1127 3612 et
1167 3562 1406 3614 carmina
1444 3562 1682 3630 forsitan
1723 3563 1832 3628 illa,

599 3645 750 3708 Quae
791 3647 858 3700 de
899 3655 952 3700 te
995 3649 1114 3701 misi
1154 3651 1346 3703 caelite
1389 3651 1534 3704 facta
1573 3668 1727 3705 nov0.

1327 3781 1412 3831 145⁴
2153 3780 2208 3820 3*
