2462 4036
183 203 252 250 42
1014 198 1173 255 Geyza
1205 197 1435 255 Nemethy

1130 407 1293 460 XCV.

361 499 478 551 Am.
523 499 616 552 III.
660 495 712 564 3,
755 495 1009 552 35—-362

367 647 608 715 luppiter
645 647 765 714 ipse
807 662 934 699 suos
974 646 1128 698 lucos
1167 645 1437 698 iaculatur
1475 652 1530 697 et
1568 662 1723 699 arces

439 736 722 802 Missaque
763 735 1009 803 periuras
1049 735 1158 787 tela
1197 734 1359 787 ferire
1398 741 1560 788 vetat.

364 884 528 937 Locis
590 883 801 936 duobus
857 883 1200 936 Lucretianis
1243 882 1313 936 ad
1354 882 1498 935 hunc
1540 863 1720 936 locum
1759 884 1815 936 in
1858 885 2250 938 commentario·

184 973 546 1026 allatis'adde
598 972 877 1024 Ciceronis
916 988 1109 1024 versus
1149 973 1236 1025 De
1278 972 1384 1026 div.
1427 974 1468 1026 I.
1514 970 1614 1027 19:
1665 972 1833 1037 „Nam
1874 979 2028 1041 pater
2067 973 2244 1026 altito-

183 1059 322 1115 nains
363 1062 603 1115 stellanti
633 1062 790 1113 nixus
816 1060 1045 1129 Olympo
1073 1061 1196 1130 Ipse
1228 1078 1356 1134 suos
1387 1061 1660 1129 quondam
1690 1062 1925 1114 tumulos
1951 1078 2018 1126 ac
2037 1062 2243 1131 templa

183 1151 424 1220 petivit“.

1116 1297 1305 1351 XCVI.

366 1450 482 1502 Am.
525 1449 617 1500 III.
662 1448 713 1513 5,
759 1445 995 1502 19—20.
1055 1445 1142 1514 (de
1199 1454 1353 1500 tauro
1413 1447 1469 1499 in
1503 1447 1712 1501 herbis
1753 1445 2245 1516 obdormiscente):

367 1598 529 1650 Visus
572 1604 702 1662 eran
748 1612 935 1649 somno
977 1596 1121 1649 vires
1163 1595 1450 1661 adimente,
1491 1594 1716 1663 serenti„

446 1687 799 1754 Cornigerum
840 1693 983 1738 terra
1025 1685 1349 1754 deposuisse
1391 1692 1568 1754 caput.

366 1835 469 1887 Pro
512 1833 714 1892 ferenti
754 1819 1029 1886 Lucianus
1073 1833 1298 1886 Mueller
1338 1834 1569 1886 coniecit
1609 1832 1796 1901 feraci,
1836 1834 1869 1887 i.
1899 1850 1944 1886 e.
1988 1831 2246 1899 fecunda,
2343 1871 2345 1873 ·

187 1925 367 1978 fertili.
429 1924 538 1978 Sed
593 1923 737 1976 infra
804 1923 981 1991 agitur
1036 1923 1103 1975 de
1160 1939 1329 1976 vacca
1383 1922 1590 1975 infideli
1644 1929 1852 1975 taurum
1900 1922 2245 1988 relinquente·

191 2014 462 2081 aliumque
504 2030 752 2080 campum
792 2019 1009 2080 petente
1034 2008 1164 2079 (vss
1194 2009 1484 2079 19—20.):
1534 2012 1700 2075 „Illuc
1741 2027 1802 2063 se
1841 2011 2020 2079 rapuit
2062 2009 2240 2079 gregi-

188 2104 400 2170 busque
442 2102 731 2155 immiscuit
770 2102 877 2154 illis
918 2102 987 2152 Et
1026 2102 1182 2169 petiit
1221 2101 1423 2153 herbae
1465 2083 2237 2161 fertilioris'humum“.0a1n-

185 2210 287 2262 pus
327 2193 506 2260 igitur,
549 2192 641 2244 ubi
682 2200 868 2243 taurus
908 2191 1051 2243 iacet
1092 2206 1359 2258 quemque
1400 2206 1570 2243 vacca
1611 2206 1707 2258 pro
1748 2188 2008 2242 fertiliore
2048 2203 2246 2256 campo

185 2282 455 2348 relinquit,
496 2298 603 2333 non
647 2287 825 2348 potest
863 2279 1023 2345 seram
1063 2279 1346 2347 appellari.
1391 2279 1472 2332 Cf.
1507 2279 1604 2333 Ov.
1635 2279 1760 2332 Her.
1796 2276 1881 2344 19,
1913 2274 2241 2333 197—198:

191 2370 471 2435 „Stamina
513 2370 579 2422 de
637 2370 820 2437 digitis
878 2369 1126 2421 cecidere
1186 2385 1381 2436 sopore
1433 2368 1676 2421 remissis
1719 2366 1981 2435 Collaque
2023 2360 2245 2436 pulvino

186 2466 372 2513 nostra
412 2460 642 2525 serenda
684 2458 864 2511 dedi“.
910 2458 1013 2510 Pro
1053 2457 1253 2517 ferenti
1291 2458 1454 2525 igitur
1496 2458 1672 2510 scribe
1703 2459 2113 2521 ferendum,
2137 2455 2172 2508 i.
2192 2472 2238 2508 e.

185 2556 373 2601 taurus
431 2557 593 2616 caput
649 2564 837 2600 somno
896 2558 1145 2600 onustum
1187 2547 1242 2598 in
1283 2555 1428 2599 terra
1470 2547 1722 2615 deposuit
1775 2544 2078 2613 serendum,
2121 2560 2241 2597 cum

186 2639 388 2691 lassum
434 2639 549 2690 eius
592 2638 784 2690 collum
831 2646 992 2705 caput
1033 2637 1175 2689 ferre
1215 2637 1319 2688 iam
1363 2653 1469 2689 non
1510 2643 1716 2704 posset.

1119 2858 1325 2910 XCVII.

367 2968 485 3017 Ani.
528 2965 620 3016 ΙΙΙ.
668 2963 753 3027 11,
797 2961 1050 3017 33—34:

372 3113 672 3165 Luctantur
712 3118 1013 3179 pectusque
1055 3112 1174 3164 leve
1215 3111 1270 3163 in
1314 3110 1583 3163 contraria
1624 3109 1851 3162 tendunt

447 3202 567 3254 Hac
609 3203 778 3253 Amor
818 3200 918 3252 hac
960 3200 1161 3257 odimn,
1206 3200 1319 3265 sed,
1364 3206 1508 3268 put0,
1551 3199 1718 3251 vincit
1758 3214 1921 3252 amor.

369 3352 538 3403 Poeta
602 3357 728 3401 ante
797 3348 985 3401 oculos
1053 3348 1241 3400 habuit
1304 3348 1544 3416 Propert.
1607 3347 1647 3400 Ι.
1708 3344 1759 3413 3,
1822 3344 2072 3401 13—14:
2145 3343 2244 3406 „Et

192 3440 436 3508 quamvis
482 3437 683 3507 duplici
726 3444 1028 3505 correptum
1074 3437 1265 3490 ardore
1307 3437 1552 3489 iuberent
1591 3435 1716 3489 Hac
1743 3435 1914 3488 Amor
1938 3434 2038 3487 hac
2063 3431 2243 3499 Liber,

191 3528 357 3581 durus
400 3535 623 3594 uterque
666 3527 855 3580 deus“.

1176 3805 1259 3847 152
