2462 4036
1041 50 1063 57 ..1

130 186 207 235 30
367 229 375 238 .
848 154 859 157 ἢ
965 184 1125 242 Geyza
1155 154 1385 246 Nemethy
1418 168 1436 175 ’

1083 392 1244 447 LXII.

311 497 466 549 Pont.
509 497 592 550 III.
635 494 686 562 6,
731 495 908 550 1—2:
966 512 969 514 ·

314 644 461 697 Naso
504 660 619 710 SUO,
659 645 842 712 posuit
880 661 1076 698 nomen
1116 643 1206 698 eui
1244 630 1437 713 paene,
1479 645 1652 699 sodali
1713 679 1715 681 ·

390 734 551 786 Mittit
589 734 659 786 ab
700 734 927 786 Euxinis
967 734 1071 786 hoc
1110 734 1277 787 breve
1319 751 1536 788 carmen
1577 736 1748 802 aquis,

313 882 416 935 Pro
458 881 546 934 cui
601 898 720 934 cum
778 882 1095 954 Monacensi
1135 879 1260 936 334.
1303 898 1520 948 quam
1560 900 1685 936 esse
1726 884 2084 950 scribendum,
2126 891 2184 936 ut

126 978 244 1024 tota
285 973 584 1024 sententia:
617 971 806 1040 posuit
845 989 1044 1025 nomen
1085 990 1250 1039 quam
1281 990 1460 1039 paene
1499 973 1842 1042 parenthesis
1871 973 1955 1038 sit,
1997 979 2186 1043 censet

131 1060 364 1113 Ehwald
419 1058 600 1128 (Krit‘
648 1060 818 1114 Beitr.
875 1079 928 1130 p.
987 1058 1098 1130 59.)
1156 1061 1238 1114 Cf.
1300 1063 1452 1115 Pont.
1496 1065 1534 1116 l.
1579 1060 1666 1128 10,
1709 1060 1811 1116 30:
1860 1061 2015 1126 „Scis
2054 1061 2184 1125 mihi
2225 1058 2237 1061 ³

1700 1137 1776 1144 ,-

125 1168 297 1218 quam
340 1151 487 1204 solae
520 1167 697 1218 paene
748 1151 1000 1204 bibantur
1054 1153 1259 1217 aquae“
1306 1159 1359 1204 et
1396 1152 1524 1205 ibid.
1568 1153 1650 1205 IV.
1693 1152 1742 1216 5,
1789 1151 1888 1206 10:
1937 1150 2186 1214 „Excidit
2249 1223 2252 1228 A

131 1239 239 1292 heu
280 1257 478 1293 nomen
519 1257 681 1307 quam
724 1240 854 1292 mihi
884 1258 1062 1308 paene
1101 1243 1304 1293 tuum“.

1060 1493 1253 1545 LXIII.

308 1626 462 1680 Pont.
521 1627 608 1678 ΙΙΙ.
665 1622 715 1692 7,
775 1624 1012 1680 21-Ξέ.
1072 1627 1258 1680 scribit
1315 1627 1539 1682 Ovidius
1596 1628 1663 1681 de
1713 1628 1886 1681 salute
1928 1643 2027 1680 sua
2073 1627 2180 1691 iam

124 1714 464 1783 desperans:
2103 1724 2106 1726 ’

312 1878 475 1947 Spem
515 1881 664 1934 iuvat
704 1880 970 1949 amplecti,
1014 1896 1152 1946 quae
1194 1897 1302 1932 non
1340 1878 1486 1933 iuvet
1524 1879 1684 1932 inrita
1724 1895 1959 1948 semper:

308 1968 375 2020 Et
417 1968 532 2021 fieri
573 1970 777 2037 cupias,
822 1971 867 2022 si
909 1986 1013 2037 qua
1053 1970 1233 2022 futura
1274 1976 1448 2038 putes,

310 2117 411 2169 Pro
452 2115 597 2170 iuvet
624 2117 982 2171 >scribendum
1023 2118 1235 2172 videtur
1261 2119 1447 2183 sum
1487 2118 1774 2186 intellege:
1819 2124 2020 2171 tantum
2060 2135 2179 2174 eam

123 2222 281 2274 spem
336 2207 485 2259 iuvat
539 2207 739 2261 diutius
798 2207 962 2274 alere,
1021 2225 1159 2275 quae
1216 2200 1316 2261 n'os
1356 2225 1463 2260 non
1503 2207 1700 2261 fefellit
1750 2225 1979 2276 semper,
2021 2215 2076 2262 et
2114 2225 2182 2262 ea

125 2300 334 2347 tantum
393 2312 589 2364 cupere
646 2313 951 2365 possumus,
994 2314 1132 2366 quae
1173 2298 1352 2350 futura
1393 2294 1689 2365 (eventura)
1715 2290 2012 2366 putamus;
2038 2284 2183 2365 113111ςῖ

123 2399 266 2450 (11136
307 2385 422 2438 fieri
464 2404 734 2453 nunquam
776 2404 939 2455 posse
981 2387 1137 2440 nobis
1176 2388 1282 2439 iam
1324 2388 1711 2456 persuasimuS,
1753 2404 1819 2439 ea
1843 2404 2018 2455 neque
2059 2402 2180 2456 spe·
2250 2435 2253 2438 ,

99 2478 244 2525 'rare
287 2492 464 2544 neque
507 2493 706 2544 cupere
747 2492 1049 2544 possumus.
1577 2462 1581 2464 ’

1055 2729 1244 2781 LXIV.

306 2832 461 2884 Pont.
504 2832 597 2884 ΙΙΙ.
639 2829 692 2895 9,
735 2830 988 2886 21-—25:

307 2979 645 3033 Scribentem
686 2982 833 3035 iuvat
871 2982 987 3049 ipse
1029 2982 1174 3034 calor
1214 2982 1511 3049 minuitque
1550 2981 1806 3047 laborem,

381 3070 511 3122 Cum
557 3088 751 3136 quasso
796 3087 1049 3123 crescens
1091 3079 1309 3139 pectore
1351 3072 1524 3124 fervet
1564 3087 1729 3139 opus:

305 3159 589 3226 Corrigere
631 3165 687 3211 at
729 3177 816 3212 res
859 3169 943 3212 est
982 3167 1129 3213 tanto
1171 3159 1346 3229 maqis
1385 3161 1570 3225 ardua,
1613 3168 1811 3226 quanto

380 3249 608 3317 Magnus
652 3249 962 3301 Aristarcho
1005 3251 1172 3302 maior
1212 3250 1475 3302 Homerus
1518 3256 1647 3313 erat,

305 3336 393 3389 Sic
434 3338 664 3390 animum
707 3339 851 3390 lento
894 3356 1135 3390 curarum
1179 3339 1381 3406 frigore
1420 3339 1602 3392 laedit.

304 3485 503 3538 Locum
547 3485 821 3538 difficilem
865 3487 1162 3539 rectissime
1204 3488 1587 3555 interpretatus
1629 3495 1712 3541 est
1751 3486 1979 3540 Ehwald
2012 3483 2175 3552 (Krit.

125 3572 295 3626 Beier.
356 3592 402 3642 p.
462 3573 591 3643 60),
635 3575 726 3641 qui
767 3592 843 3629 vs,
886 3573 975 3629 23.
1019 3593 1113 3644 pro
1165 3582 1220 3628 at
1263 3577 1447 3629 scribit
1497 3586 1569 3629 ut
1613 3584 1667 3630 et
1707 3593 1803 3644 pro
1843 3572 2015 3643 mayis
2056 3590 2175 3627 cum

123 3661 437 3716 Monacensi
474 3662 669 3718 19476.
714 3665 975 3719 minus.
1019 3664 1437 3718 Coniunctiones
1479 3671 1538 3718 ut
1581 3662 1676 3733 (vs
1717 3662 1826 3733 53.)
1867 3671 1917 3718 61
1957 3662 2034 3718 sie
2074 3661 2174 3732 (vs,

1111 3797 1196 3841 140
