2430 4022
140 147 172 195 6
838 184 843 189 .
969 141 1129 203 Geyza
1159 140 1390 198 Nemethy

318 306 418 360 Ad.
458 323 538 360 vs,
579 303 707 361 430.
749 307 887 359 haec
929 305 1218 359 adnotavi:
1267 304 1504 374 „Alludit
1540 304 1614 359 ad
1652 288 1851 361 Catuli*
1899 294 1991 373 68,
2049 306 2191 366 143ss

146 396 294 460 „Nec
331 403 512 448 tamen
551 395 644 447 illa
684 395 813 447 mihi
853 393 1043 447 dextra
1083 393 1315 472 deducta
1339 394 1567 462 paterna
1593 394 1941 462 Fragrantem
1965 383 2194 468 Assyrio

138 486 286 538 venit
341 485 505 538 odore
565 484 797 549 domum⁷
858 482 968 536 Sed
1022 481 1220 536 furtiva
1278 483 1429 536 dedit
1482 483 1616 536 mira
1669 486 1988 539 munuscula
2031 495 2193 542 nocte

138 575 317 643 Ipsius
358 591 424 626 ex
456 574 576 642 ipsc
617 573 835 640 dempta
875 571 974 624 viri
1013 572 1271 639 gremi0“.
1317 571 1718 641 Supplendum:
1753 574 2007 639 „Videtur
2029 575 2196 644 igitur

139 662 365 719 Ovidius
421 662 618 715 Catulli
675 678 891 715 carmen
951 658 1039 727 68,
1099 661 1244 727 quod
1298 661 1398 715 viri
1454 661 1597 715 docti
1643 680 1787 717 nunc
1826 664 1896 717 ad
1934 665 2188 718 Lesbiam

136 751 479 806 referendum
522 768 648 804 esse
689 751 991 803 rectissime
1034 757 1276 816 censent,
1318 767 1426 803 non
1466 751 1537 803 ad
1575 751 1846 819 Lesbiam,
1891 754 1988 807 sed
2027 754 2190 818 aliam

138 841 407 910 quandam
462 841 719 893 feminam
776 846 996 907 nuptam
1051 840 1344 906 rettulisse,
1401 842 1527 907 quia
1594 841 1826 895 Lesbiae
1883 857 2080 896 nomen
2132 843 2191 896 in

135 937 246 983 toto
286 931 390 983 hoc
431 931 666 983 carmine
707 946 971 996 nusquam
1013 930 1296 984 occurrit“.

1122 1181 1211 1235 VI.

315 1318 418 1369 Tr„
447 1316 538 1368 ΙΙΙ.
584 1315 633 1382 7,
680 1314 915 1371 13-14.
958 1315 1029 1368 ad
1069 1315 1318 1368 Perillam
1358 1317 1651 1384 poetriam:

314 1465 449 1517 Nam
490 1442 594 1517 tibi*
626 1481 746 1516 cum
786 1462 920 1530 fatis
961 1480 1137 1516 mores
1178 1470 1371 1516 natura
1409 1464 1638 1532 pudicos

389 1556 457 1606 Et
495 1570 646 1622 raras
689 1553 844 1606 dotes
884 1553 1269 1622 ingeniumque
1310 1553 1476 1606 dedit.

314 1703 397 1756 Ad
436 1719 515 1757 vs,
578 1700 662 1756 13.
722 1703 858 1755 haec
914 1702 1193 1755 adnotavi:
1258 1703 1411 1765 „Tibi
1466 1710 1656 1755 natura
1696 1705 1805 1756 una
1845 1721 1965 1758 cum
2004 1706 2191 1760 Parcis

134 1790 222 1860 (=
268 1790 434 1861 Fatis)
492 1792 655 1858 dedit,
713 1798 904 1844 natura
952 1799 1005 1844 et
1059 1793 1262 1844 Parcae
1320 1792 1636 1845 dederunt“.
1683 1793 1809 1847 Sed.
1851 1794 1916 1845 H.
1959 1795 2193 1863 Magnus

135 1879 410 1949 (Berliner
449 1880 842 1950 Philoloyz'sche
907 1879 1328 1947 Woclzenschrift
1390 1878 1549 1936 1920.
1602 1899 1651 1950 p.
1697 1880 1842 1952 153.)
1883 1884 2190 1938 rectissime

136 1978 317 2024 monet
363 1969 485 2037 fata
541 1971 644 2023 hoc
702 1971 823 2023 1000
879 1970 1046 2023 vitam
1096 1969 1540 2038 sig11ificare„ut
1597 1971 1693 2025 Ov.
1753 1973 1878 2027 Her.
1923 1973 2015 2027 IX.
2062 1971 2187 2029 160.

134 2049 416 2127 (Deianira
470 2060 541 2112 ad
595 2057 928 2126 Herculem):
996 2060 1108 2124 „Ne
1165 2059 1353 2113 videar
1404 2059 1541 2126 satis
1595 2061 1852 2114 insidiata
1907 2061 2049 2117 tuis“
2131 2071 2185 2117 et

133 2150 312 2202 adfert
364 2150 524 2202 Trist.
558 2150 616 2203 .I.
669 2146 719 2215 6,
779 2146 1017 2202 23—24,
1078 2146 1167 2215 (ad
1215 2147 1480 2217 uxorem):
1537 2149 1698 2213 „Sive
1738 2150 1835 2202 tibi
1874 2151 1977 2206 hoc
2018 2152 2191 2206 debes

135 2239 280 2292 nullo
321 2239 411 2307 pia
453 2239 598 2291 facta
640 2239 899 2306 magistro
947 2234 1190 2305 Cumque
1230 2256 1372 2290 nova
1412 2255 1589 2292 mores
1630 2246 1754 2293 sunt
1778 2240 1875 2292 tibi
1902 2241 2015 2294 luce
2039 2241 2181 2294 dati“

133 2330 167 2381 i.
225 2346 270 2382 e.
323 2347 439 2381 una
502 2347 622 2381 cum
678 2327 790 2381 vita
852 2328 1113 2397 accepisti
1171 2346 1203 2380 a
1243 2336 1433 2380 natura
1471 2328 1643 2382 bonos
1691 2345 1882 2382 mores
1926 2330 2192 2398 Intellege

134 2419 325 2486 igitur:
378 2435 526 2480 „una
567 2436 686 2470 cum
730 2415 840 2470 vita
882 2418 1030 2470 dedit
1070 2417 1167 2470 tibi
1206 2425 1399 2470 natura
1437 2417 1609 2471 bonos
1648 2418 1878 2473 mores“.

1107 2655 1218 2708 VII.

255 2759 257 2761 ¹
312 2776 397 2827 Tr.
457 2774 548 2827 ΙΙΙ.
612 2772 696 2839 10,
762 2772 996 2827 11—12.
1060 2773 1126 2826 de
1184 2774 1398 2842 populis
1464 2759 1971 2843 septentrionalibus
2034 2780 2189 2829 trans

136 2863 441 2916 Danuvium
486 2862 885 2915 habitantibus:

312 3012 453 3063 Dum
493 3018 639 3064 vetat
681 3018 732 3063 et
774 3011 977 3063 Boreas
1021 3019 1073 3063 et
1114 3011 1204 3063 nix
1245 3011 1490 3064 habitare
1533 3012 1631 3064 sub
1673 3019 1837 3076 arcte,

384 3102 518 3152 Tum
562 3108 710 3168 patet
754 3101 850 3151 has
893 3108 1084 3166 gentes
1127 3119 1227 3153 axe
1270 3108 1530 3154 tremente
1562 3099 1758 3168 premi.

315 3248 396 3300 Ad
437 3265 515 3301 VS.
563 3246 647 3301 12.
689 3248 973 3300 adnotavi:
1026 3248 1248 3314 sprewa,
1290 3251 1363 3302 ita
1406 3250 1603 3317 urgeri,
1646 3256 1702 3301 ut
1743 3265 1839 3318 per
1878 3248 2182 3303 Danuvium

133 3339 310 3406 glacie
376 3346 682 3390 concretum
759 3338 1011 3404 regiones
1086 3339 1468 3392 meridionales
1532 3355 1793 3405 quaerere
1867 3342 2180 3407 cogantur“.

132 3429 358 3480 Errasse
400 3445 483 3479 me
540 3427 674 3479 vidit
734 3427 796 3479 H.
858 3427 1087 3493 Magnus
1145 3424 1419 3493 (Berliner
1474 3426 1867 3497 Philoloyz'sche
1931 3426 2181 3482 Wochen-

131 3515 322 3582 schrift
368 3513 526 3570 1920.
572 3533 621 3583 p.
670 3513 831 3583 156),
875 3515 964 3581 qui
1006 3516 1106 3567 ho(-
1150 3517 1269 3569 loco
1303 3517 1482 3582 premi
1521 3517 1663 3570 idem
1704 3516 1818 3569 fere
1875 3517 2183 3584 significare
2246 3527 2249 3529 ’

132 3613 336 3671 censet,
380 3604 521 3670 quod
563 3622 687 3669 esse,
731 3602 974 3656 habitare
1015 3603 1115 3656 sub
1157 3605 1343 3672 aliqua
1386 3624 1456 3659 re.
1504 3606 1836 3659 Sententiam
1880 3606 1997 3659 eius
2038 3622 2183 3658 nunc

1117 3738 1197 3777 116
