2430 4022
763 153 767 156 ’
852 159 1230 214 Supplementum
1263 157 1692 202 commentariorum
2226 161 2295 208 25

1216 323 1330 375 LII.

429 475 582 526 Pont.
639 474 732 527 III.
775 471 826 538 2,
871 468 1106 526 15—18.
1163 476 1323 538 poeta
1377 470 1453 521 ita
1508 475 1731 522 excusat
1785 469 1986 521 amieos
2040 469 2095 520 in
2135 468 2298 521 rebus

196 585 197 589 ¹
249 562 499 617 adversis
539 563 642 615 sibi
681 560 962 614 infideles:

431 710 515 762 Me
557 725 768 776 quoque
809 708 1097 760 amicorum
1137 707 1299 758 nimio
1339 713 1541 758 terrore
1582 712 1850 772 metuque,

504 799 624 851 Non
666 797 788 850 odio
830 797 1044 864 quidam
1088 795 1380 847 destituere
1425 795 1546 846 mei.

430 887 550 939 Non
590 887 697 938 illis
738 887 930 954 pietaS‚
971 901 1078 937 non
1119 884 1366 937 officiosa
1404 884 1653 936 voluntas

506 975 725 1027 Defuit:
767 975 1028 1028 adversos
1070 973 1362 1026 extimuere
1404 972 1553 1024 deos.

366 1174 375 1180 .
430 1122 642 1175 Deinde
683 1138 762 1175 vs,
804 1082 1041 1176 23-24.
1083 1121 1221 1173 haee
1262 1121 1420 1172 dicit:

366 1260 369 1262 ³
433 1269 551 1322 Sint
590 1270 646 1321 hi
687 1270 924 1322 contenti
963 1269 1122 1322 venia
1161 1272 1434 1335 sperentve
1472 1267 1658 1320 licebit

505 1359 732 1427 Purgari
770 1357 972 1410 factum
1012 1375 1096 1409 me
1137 1373 1348 1423 quoque
1389 1364 1527 1409 teste
1570 1373 1739 1408 suum.

430 1507 511 1559 Ita
549 1507 726 1566 locum,
766 1505 983 1558 exhibui
1022 1496 1076 1556 in
1128 1505 1508 1557 commentario
1565 1520 1683 1557 meo
1740 1502 2034 1555 secundum
2090 1503 2298 1555 Merke—

208 1585 211 1589 ’
252 1596 400 1662 lium,
443 1595 539 1648 sed
569 1595 741 1647 codex
765 1595 1210 1661 Hamburgensis,
1240 1594 1590 1660 gravissimus
1614 1593 1786 1658 testiS,
1830 1592 1997 1645 habet
2020 1590 2265 1657 sientque
2285 1608 2303 1655 ,·

255 1684 381 1736 huie
421 1684 759 1752 corruptelae
814 1683 1054 1751 proxime
1109 1682 1320 1735 aceedit
1374 1698 1702 1748 sensumque
1751 1681 1922 1734 efficit·
1963 1680 2300 1748 aptissimum

253 1778 410 1826 vetus
450 1772 691 1824 eiusdem
733 1758 976 1823 Merkelii
1015 1771 1347 1824 coniectura:
1388 1772 1834 1836 saevumque,
1873 1768 2018 1836 quod
2042 1786 2150 1821 una
2177 1785 2295 1821 oum

251 1859 570 1928 Griithlingio
611 1860 976 1928 recipiendum
1018 1866 1166 1928 puto.

1206 2110 1345 2161 Lm.

432 2259 584 2338 Pont.
643 2258 733 2310 ΙΙΙ.
790 2256 840 2324 2,
898 2256 1134 2312 27--30,
1192 2255 1280 2325 (ad
1337 2258 1540 2310 Cottam
1585 2257 1888 2322 Maximum,
1929 2257 2158 2310 amioum
2202 2273 2298 2324 op·

254 2345 494 2415 timum):

387 2518 395 2525 ·
433 2495 586 2547 Tune
625 2495 789 2562 igitur
826 2494 999 2546 meriti
1039 2494 1292 2546 morietur
1330 2494 1504 2561 gratia
1543 2495 1726 2559 vestri⁷

513 2582 644 2635 Cum
674 2583 809 2635 einis
850 2583 1133 2650 absumpto
1176 2599 1398 2650 corpore
1441 2583 1617 2635 faetus
1659 2593 1765 2635 ero.

433 2669 669 2723 Fauor?
709 2679 763 2722 et
801 2671 894 2723 illa
935 2687 1088 2723 meae
1130 2671 1407 2738 superabit
1446 2679 1688 2738 tempora
1732 2672 1883 2736 vitae,

514 2759 576 2813 Si
615 2765 794 2812 tamen
833 2777 866 2812 a
906 2760 1127 2812 memori
1166 2761 1478 2828 posteritate
1518 2761 1684 2827 legar.

436 2908 518 2960 Ita
556 2908 791 2972 Merkel;
835 2924 937 2975 ego
980 2924 1115 2959 oum·
1140 2907 1455 2975 Giithlingio
1495 2925 1573 2961 VS.
1603 2905 1689 2961 29.
1716 2909 1791 2959 ita
1815 2907 2302 2976 interpungendum

257 3012 492 3049 censeo:
2240 3010 2242 3012 ¹

415 3118 632 3188 ›Fallon
675 3136 728 3180 et
764 3129 857 3180 illa
897 3109 1049 3181 meae
1090 3129 1367 3195 superabit-
1406 3138 1647 3199 tempora
1685 3130 1843 3195 vitae,

439 3277 477 3329 1.
520 3293 567 3329 e.
611 3276 710 3328 sed
748 3275 907 3328 fallor
945 3258 1171 3343 gratiam
1210 3276 1461 3329 beneficii
1499 3278 1576 3328 tui
1615 3293 1721 3328 una
1752 3293 1959 3329 mecum
1997 3276 2301 3328 morituram

262 3364 450 3418 dicens
490 3369 539 3417 et
576 3363 674 3416 illa
713 3361 809 3432 (so.
851 3362 1044 3432 gratia)
1084 3365 1225 3418 vitae
1272 3382 1424 3418 meae
1482 3373 1758 3434 superstes
1814 3366 1929 3431 erit,
1987 3366 2033 3416 si
2090 3364 2303 3431 quidem

207 3484 209 3486 ν
262 3470 426 3522 opera
465 3469 586 3505 mea
625 3469 657 3504 a
697 3453 927 3520 posteris
967 3454 1229 3519 legentur.
1271 3454 1387 3507 Hoc
1412 3454 1532 3506 loeo
1558 3457 1725 3506 rarior
1751 3471 1882 3506 usus
1910 3453 2303 3506 coniunctionis

261 3545 311 3592 et
350 3542 612 3594 occurrit:
672 3552 766 3609 pro
821 3558 952 3593 nam
1003 3542 1230 3609 ponitur.
1287 3541 1487 3594 Similis
1543 3534 1674 3595 usus
1731 3542 1828 3595 Ov.
1872 3543 1997 3594 Her.
2039 3541 2153 3593 VII.
2198 3538 2302 3594 35:
2365 3576 2372 3582 -

270 3619 496 3695 „Fallor,
554 3637 606 3682 et
659 3630 763 3681 ista
818 3629 949 3680 mihi
1003 3629 1142 3683 falso
1193 3632 1421 3683 iactatur
1473 3631 1708 3698 imago“.
1771 3628 1833 3682 Si
1872 3635 2051 3682 tamen
2091 3645 2169 3682 VS.
2212 3626 2300 3682 30.

1243 3761 1328 3804 135
